1748 3224
668 206 976 243 PRAEFATIO.
1457 207 1578 242 XVII

0 308 21 352 3
49 343 52 348 ’
78 329 143 379 In
171 327 263 379 hac
291 326 583 378 difficultate
614 344 770 393 quum
805 325 1055 376 laboraret
1087 324 1394 391 Lennepius,
1430 342 1577 374 suum

10 410 42 493 '3
75 438 174 471 non
209 437 316 470 esse
347 420 541 471 censuit
569 418 789 468 defuncti
814 417 1118 484 Interpretis
1148 422 1319 483 partes
1350 434 1499 484 agere
1527 422 1578 466 et

75 512 486 564 commentarium
531 511 678 562 istius
729 510 994 560 voluminis
1047 509 1275 576 explere3
1327 508 1576 576 huiusque

11 579 19 592 ⁴
44 646 47 650 ,
74 603 346 656 modestiae
375 604 429 653 in
456 602 765 670 praefatione
795 602 1042 652 rationem
1071 601 1303 653 reddidit.
1363 601 1579 652 Addita-

48 699 49 702 ’
73 700 244 747 menta
281 700 451 747 autem
478 695 638 762 ipsius
671 694 871 744 Boschii
899 694 1072 760 paucis
1109 693 1271 744 verbis
1305 695 1438 744 inter
1466 694 1575 762 pla-

16 795 31 845 J
73 788 310 858 gularum
340 788 691 838 correctionem
719 786 989 853 supplevit.
1057 787 1199 836 Haec
1240 786 1459 837 breviter
1493 787 1577 838 de-

0 862 41 947 {J
75 881 274 948 scripsi,
314 862 714 950 quandoquidem
765 884 882 930 sunt
921 880 1008 947 qui
1049 885 1231 946 putent
1264 880 1575 947 Lennepium

73 973 223 1024 istam
283 977 482 1039 partem
526 971 868 1022 commentarii
921 972 1279 1038 composuisse,
1333 971 1575 1040 amboque

74 1066 204 1117 viros
248 1083 421 1116 revera
459 1082 517 1115 ac
554 1064 829 1115 necessario
859 1064 1157 1115 consociatos
1195 1063 1350 1115 fuisse
1384 1065 1437 1114 in
1471 1065 1573 1115 edi-

44 1159 222 1210 stiom's
251 1157 570 1225 perfectione.
637 1156 737 1208 Sed
776 1157 1137 1223 copiosissimos
1180 1156 1367 1208 indices
1397 1157 1578 1208 adiecit

38 1319 41 1321 Α
74 1252 359 1319 Lennepius
371 1290 386 1317 ‚
409 1252 700 1318 ornavitque
723 1250 852 1301 illud
881 1250 1113 1301 volumen
1139 1250 1423 1301 laudatione
1446 1251 1573 1301 Hic-

71 1346 266 1414 ronymi
297 1344 521 1410 Boschii,
557 1346 610 1394 in
655 1363 755 1412 qua
799 1349 909 1394 tum
934 1344 1180 1412 >egregias
1213 1344 1327 1393 Viri
1364 1345 1575 1394 virtutes

42 1487 54 1495 ,
71 1437 220 1508 digne
261 1438 548 1503 celebravit,
583 1444 693 1488 tum
737 1437 942 1504 pietatis
987 1443 1038 1487 et
1081 1437 1393 1504 eloquentiae
1434 1456 1577 1504 prae·

24 1514 28 1550 ἓ
68 1531 260 1584 clarum
295 1531 646 1583 documentum
681 1531 904 1598 reliquit.

138 1625 407 1693 Reliquam
443 1625 550 1675 eius
584 1624 887 1675 industriam
922 1643 1013 1690 per
1048 1642 1201 1674 annos
1230 1623 1334 1674 fere
1364 1624 1577 1692 quadra-

69 1719 214 1787 ginta
231 1718 544 1771 vindicarunt
562 1717 657 1769 sibi
675 1718 1116 1769 commentationes
1136 1717 1373 1768 tredecim
1384 1756 1398 1782 ,
1419 1717 1575 1768 lectae

24 1787 122 1861 ‘in
155 1810 462 1862 consessibus
487 1811 639 1878 Regii
671 1810 906 1860 Instituti
938 1810 986 1860 N
991 1809 1273 1860 eerlandici.
1333 1810 1460 1860 Erat
1488 1829 1574 1861 au-

70 1908 173 1956 tem
209 1904 495 1971 Lennepius
533 1904 692 1954 socius
737 1902 990 1954 Secundae
1038 1908 1089 1952 et
1133 1902 1330 1952 Tertiae
1368 1903 1576 1968 Classis,

26 2060 29 2066 ,
68 1997 142 2048 ita
170 2002 229 2047 ut
255 1997 309 2046 in
336 2002 550 2064 utraque
578 1997 770 2065 ingenii
800 1995 1150 2063 doctrinaeque
1182 1996 1383 2046 laudem
1410 2015 1578 2047 conse-

20 2144 23 2148 ,
69 2094 332 2158 queretur,
385 2090 486 2140 sive
531 2090 584 2139 in
626 2089 786 2139 altera
829 2076 1115 2154 disputaret
1160 2088 1221 2138 de
1259 2090 1575 2156 antiquitatis

20 2179 23 2219 ἶ
70 2180 216 2246 locis,
265 2199 447 2248 eosque
489 2186 714 2232 accurate
751 2187 1046 2248 exponeret,
1093 2182 1195 2232 sive
1234 2182 1285 2231 in
1324 2182 1485 2234 altera
1515 2184 1574 2234 de

70 2273 233 2326 literis
278 2274 604 2329 neerlandicis
662 2280 714 2325 et
766 2274 826 2325 de
880 2279 1080 2326 vetusta
1125 2275 1335 2326 historia
1379 2282 1574 2328 nostrae

19 2437 22 2444 Ι
69 2367 280 2436 patriae.
347 2367 480 2419 Sunt
521 2386 691 2419 omnes
735 2368 896 2419 editae
940 2369 992 2418 in
1038 2369 1182 2422 Actis
1227 2369 1463 2420 Instituti
1511 2402 1576 2408 —

23 2472 25 2474 ’
70 2459 132 2511 de
167 2458 467 2526 antiquitate
501 2477 680 2528 graeca
714 2466 766 2511 et
798 2479 1004 2512 romana
1038 2461 1116 2512 his
1150 2461 1415 2513 indicibus:

141 2550 217 2602 De
250 2551 552 2618 imperatore
589 2552 834 2604 Gallieno.
913 2600 921 2611 ,

142 2644 216 2695 De
254 2643 558 2695 Iudaeorum
593 2646 783 2714 origine
820 2646 1126 2698 damascena.

11 2735 59 2803 ,
141 2736 217 2787 De
251 2754 370 2804 rege
422 2736 692 2803 Bostreno,
748 2739 959 2806 aliisque
1002 2739 1148 2789 rebus
1193 2742 1480 2792 memoratis
1521 2743 1572 2792 in

206 2830 419 2898 epistola
454 2830 700 2883 Ciceronis
737 2833 799 2883 ad
836 2833 892 2897 Q.
931 2833 1186 2899 Fratrem,
1223 2834 1302 2884 II.
1339 2840 1415 2884 12.

556 2936 580 2971 9
