1748 3224
194 236 259 286 94
783 252 1105 286 oouuunnmvs

254 375 299 412 ν.
319 369 420 411 357.
467 360 668 410 θανάτοιο
713 362 916 421 τελευτὴν
958 367 1077 410 idem
1126 374 1189 410 est
1233 381 1280 409 ac
1323 359 1524 410 θανάτοιο
1573 364 1699 415 τέλος

185 433 311 501 '‘Epy.
346 442 452 493 166,
486 441 540 486 11.
574 442 624 484 Γ.
649 444 759 494 309,
782 443 819 487 Ι.
842 446 942 494 416,
965 442 1021 484 Λ.
1047 443 1147 495 451,
1170 442 1223 486 N.
1246 442 1354 493 602,
1383 457 1466 500 pro
1498 435 1697 487 θάνατον.

254 607 295 636 v.
320 591 421 637 360.
463 589 568 650 ὑπὲρ
598 589 752 637 Πύλου
782 584 1060 650 ἠμαθόεντος]
1102 609 1187 651 pro
1218 594 1325 650 Pylo
1356 600 1554 636 arenosa,
1584 594 1700 639 ‘Per-

193 669 341 710 tinent
381 667 488 710 haec
525 668 579 710 ad
615 669 843 712 illustrem
885 668 1124 711 historiam
1157 669 1212 712 de
1242 668 1379 726 Pylo,
1412 668 1700 726 Peloponnesi

193 743 325 794 urbe,
359 758 384 785 a
414 742 548 786 Neleo
577 744 782 796 condita,
811 743 866 786 ab
896 743 1086 788 Hercule
1115 751 1244 802 capta
1275 752 1320 786 et
1350 759 1517 796 eversa,
1549 744 1700 788 vinter-

192 816 318 860 fectis
358 818 494 861 etiam
532 815 658 862 Nelei
695 819 806 863 filiis
842 818 1053 862 omnibus
1083 826 1260 877 praeter
1288 820 1531 863 Nestorem.
1595 819 1699 864 vid.

193 894 324 939 Hom.
356 894 413 937 11.
444 894 500 937 A.
531 896 618 939 689
648 910 787 954 seqq-3
822 894 1034 954 Apollod.
1058 895 1116 938 11.
1139 906 1226 939 vn.
1244 897 1294 947 3,
1317 902 1361 937 et
1390 894 1456 937 ibi
1481 894 1700 953 Heynius.

192 969 477 1013 Tractaverat
506 986 603 1013 eam
635 970 851 1014 Hesiodus
881 961 924 1012 ἓν
946 964 1247 1028 Καταλόγοις,
1278 978 1387 1014 teste
1405 969 1554 1015 Schol.
1584 970 1698 1015 Ven.

194 1047 245 1088 A.
275 1045 328 1088 D.
358 1045 412 1088 ad
445 1045 498 1089 ΙΙ.
533 1047 581 1089 Β.
609 1048 712 1090 336.

256 1113 530 1178 ἠμαθόεντος]
562 1121 772 1167 Solemne
802 1129 865 1165 est
893 1121 997 1180 Pyli
1028 1121 1262 1179 epitheton
1292 1121 1428 1164 etiam
1459 1121 1576 1179 apud
1608 1121 1702 1165 Ho-

191 1210 383 1239 merum.
445 1197 550 1242 Vid.
585 1198 639 1240 Il.
673 1198 719 1241 B.
749 1199 829 1250 77,
862 1197 899 1240 I.
933 1199 1032 1249 153,
1065 1199 1176 1250 2933
1211 1195 1295 1241 Od.
1325 1196 1377 1241 A.
1405 1199 1482 1249 93,
1511 1198 1561 1241 Β.
1591 1198 1698 1250 214,

191 1274 294 1316 3⁵9.
356 1272 486 1317 Conf.
525 1281 570 1316 et
609 1273 664 1317 H.
707 1276 759 1318 in
801 1275 954 1333 Apoll.
980 1277 1089 1325 398,
1121 1275 1228 1326 424,
1270 1272 1325 1315 H.
1358 1274 1410 1317 in
1434 1273 1573 1318 Mero.
1599 1274 1700 1318 348.

193 1348 396 1391 Inditum
424 1349 527 1392 urbi
549 1349 735 1408 quidam
763 1351 1008 1394 voluerunt
1035 1365 1059 1393 a
1081 1349 1224 1393 fluvio
1252 1349 1383 1392 iuxta
1411 1349 1543 1392 illam
1566 1350 1702 1393 Ama·

192 1423 299 1479 th03
331 1424 412 1467 alii
442 1425 721 1483 probabilius
751 1441 776 1468 a
810 1433 970 1469 natura
995 1426 1096 1470 soli.
1143 1425 1247 1470 Vid.
1272 1425 1427 1483 Etym.
1446 1425 1507 1469 Μ.
1528 1441 1573 1482 p.
1593 1426 1698 1476 428,

192 1500 278 1552 54;
310 1500 514 1543 Eustath.
543 1501 596 1544 ad
625 1501 681 1544 11.
712 1501 765 1545 A.
800 1503 909 1555 2503
948 1500 1099 1546 Schol.
1127 1501 1241 1545 Ven.
1273 1501 1327 1544 ad
1357 1501 1413 1544 11.
1440 1502 1488 1545 B.
1520 1503 1592 1544 77.

253 1666 296 1694 v.
318 1653 419 1694 361.
462 1646 627 1712 μάχης
667 1646 839 1707 ἄμοτον
876 1646 1123 1712 μενεαίνων]
1191 1652 1265 1697 Sic
1301 1661 1366 1696 est
1410 1646 1579 1710 ἄμοτον
1622 1664 1703 1710 με-

192 1719 318 1783 μαὼς
359 1727 414 1771 11.
448 1728 504 1772 X.
529 1730 608 1780 36,
643 1721 815 1785 ἄμοτον
840 1723 1148 1788 κεχολωμένος
1177 1730 1236 1772 Ψ.
1270 1730 1370 1781 567,
1388 1728 1551 1787 quibus
1571 1728 1702 1773 vehe-

194 1803 362 1846 mentia
389 1803 565 1846 affectus
586 1803 880 1862 significatus.
933 1803 1230 1847 Grammatici
1256 1812 1468 1863 repetunt
1494 1820 1519 1847 a
1550 1797 1703 1861 μοτόσ,

191 1895 281 1936 quo
312 1878 526 1924 vocabulo
564 1878 727 1922 medici
761 1878 992 1936 designant
1022 1879 1164 1923 lintea
1198 1887 1370 1938 carpta,
1409 1879 1570 1938 quibus
1602 1881 1701 1924 vul-

194 1970 300 1998 nera
334 1955 608 2013 implentum
642 1953 751 1996 hinc
783 1968 883 1997 esse·
907 1946 1078 2010 ἄμοτον
1107 1954 1250 2007 idem,
1283 1956 1401 2013 quod
1431 1946 1699 2013 ἀπλήρωτοι

194 2031 298 2074 Vid.
339 2030 489 2073 Schol.
531 2029 584 2072 ad
627 2029 682 2074 11.
722 2028 776 2073 Δ.
810 2029 917 2083 440,
962 2030 1174 2088 Apollon.
1207 2031 1258 2074 in
1296 2031 1406 2074 Lex.
1436 2037 1480 2075 et
1511 2030 1701 2089 Hesych-

196 2107 243 2150 in
280 2121 322 2151 V.
383 2105 586 2149 Absurda
625 2112 773 2147 autem
803 2105 910 2148 haec
935 2106 1234 2164 etymologia,
1270 2106 1344 2149 cui
1372 2106 1517 2149 miror
1543 2107 1701 2150 adsen-

191 2198 294 2226 sum
323 2181 570 2239 praebuisse
600 2180 847 2225 Gesnerum
879 2181 926 2224 in
951 2181 1048 2224 lnd.
1079 2180 1276 2240 Orphei,
1319 2196 1399 2225 nec
1427 2180 1701 2241 refragatum

193 2274 281 2301 esse
310 2258 537 2316 Heynium
564 2257 618 2300 ad
643 2257 804 2301 11.1.c.
852 2255 1105 2300 Secundum
1135 2271 1231 2300 eam
1260 2257 1378 2315 apud
1409 2257 1597 2302 Theocr.
1631 2257 1697 2301 Id.

194 2333 335 2379 XXV.
386 2334 474 2377 204
528 2324 596 2390 θὴρ
627 2325 796 2387 ἄμοτος
842 2332 898 2375 ab
937 2332 1263 2391 Interpretibus
1301 2333 1527 2376 redditum
1568 2332 1703 2375 bellua

194 2409 462 2453 insatiabilis.
525 2407 694 2452 Dubito
723 2423 779 2451 an
812 2415 942 2452 recte.
985 2407 1114 2453 Certe
1143 2409 1261 2467 apud
1285 2409 1518 2452 Moschum
1533 2409 1598 2453 Id.
1624 2409 1700 2454 IV.

201 2488 283 2530 104
322 2486 404 2544 πῦρ
452 2479 621 2542 ἄμοτον
667 2500 754 2527 ηοη
787 2484 873 2528 nisi
906 2485 1209 2528 vehementiae
1237 2484 1608 2543 significationem
1635 2499 1702 2528 re-

194 2563 327 2620 cepit.
385 2560 663 2619 Guettlingio
696 2553 866 2616 ἄμοτον
895 2571 1131 2619 cognatum
1163 2567 1226 2604 est
1247 2575 1352 2604 cum
1382 2553 1555 2617 μάτην,
1585 2561 1702 2618 quod

194 2638 417 2695 quomodo
453 2636 562 2680 velit
590 2636 705 2680 haud
740 2636 846 2680 satia
875 2650 1089 2695 assequor.
1153 2637 1374 2694 Equidem
1403 2636 1700 2695 compositum

196 2728 281 2756 esse
312 2721 420 2771 pulo
450 2712 715 2756 vocabulum
745 2727 803 2755 ex
831 2724 862 2754 α
887 2711 1109 2755 intensive
1139 2719 1183 2755 et
1211 2711 1380 2756 verbali
1409 2727 1432 2755 a
1463 2706 1582 2768 μέω,
1627 2712 1701 2755 oui

195 2796 432 2846 cognatum
473 2780 603 2844 μάω,
649 2795 700 2831 ut
741 2788 799 2832 sit
838 2794 997 2831 intento
1044 2794 1177 2830 animi
1219 2797 1352 2840 motu,
1392 2788 1546 2833 studio.
1628 2785 1700 2830 Sic
