1748 3224
240 224 383 259 XVIII
832 220 1140 255 PRAEFATIO.

308 342 386 391 De
420 339 622 408 regibus
640 338 997 405 Commagenes
1033 341 1085 387 et
1119 335 1342 401 Ciliciae,
1369 334 1742 386 Seleucidarum

372 433 600 500 posteris.

307 528 385 578 De
419 525 558 576 varia
599 524 851 591 variisque
890 522 1199 590 temporibus
1235 522 1472 589 areopagi
1493 525 1743 587 potestate

372 650 438 659 ——
461 637 559 670 non
590 624 760 669 autem
789 617 850 668 ab
874 618 937 668 iis
961 616 1206 668 iudicibus
1237 616 1470 666 damnato
1491 614 1708 665 Socrate.

307 714 384 763 De
421 713 627 763 Horatii
662 711 876 779 epistola
909 710 972 761 ad
1004 710 1314 775 Bullatium,
1351 709 1398 758 Ι.
1439 713 1516 758 11.

308 807 384 856 De
422 805 687 872 Daphnide
723 804 972 855 Tbeocriti
1007 809 1059 854 et
1093 803 1323 854 aliorum.

307 900 384 950 De
418 899 673 966 papilione
721 917 810 948 seu
855 897 1039 965 psyche
1052 936 1067 962 ,
1114 896 1309 947 animae
1349 895 1570 963 imagine
1592 892 1746 960 apud

372 992 601 1042 Veteres.
799 1043 801 1046 Α

306 1086 456 1136 Veris
487 1082 735 1153 quaedam
762 1084 989 1151 epitheta
1015 1082 1150 1150 apud
1176 1083 1388 1133 Veteres
1423 1081 1699 1132 illustrata.

308 1178 422 1229 Non
462 1195 632 1228 omnes
670 1176 920 1228 elaborate
957 1176 1171 1242 scriptae
1207 1180 1350 1240 sunt,
1397 1173 1486 1225 sed
1523 1174 1748 1224 eminent

238 1271 507 1339 pleraeque
544 1270 684 1321 suavi
712 1287 895 1338 genere
931 1267 1367 1319 demonstrationis
1407 1271 1458 1317 et
1493 1266 1656 1317 multa
1692 1267 1747 1316 in

238 1365 428 1415 modico
463 1363 656 1415 ambitu
689 1362 941 1415 iudicandi
975 1361 1259 1429 prudentia.

307 1458 406 1507 His
452 1458 496 1508 si
536 1457 929 1508 adnumerantur
959 1454 1400 1506 commentationes
1433 1452 1487 1502 in
1520 1451 1747 1503 Secunda

239 1550 407 1600 Classe
449 1549 629 1614 lectae,
677 1549 950 1612 orationes,
997 1546 1333 1611 laudationes,
1377 1544 1538 1595 libelli
1571 1544 1632 1595 de
1662 1562 1747 1595 va-

237 1644 314 1694 ria
342 1644 574 1707 materia,
610 1642 830 1693 carmina
849 1641 1063 1709 denique
1075 1678 1089 1705 ‚
1125 1658 1251 1708 quae
1276 1639 1555 1707 imaginum
1579 1638 1746 1705 splen-

238 1736 380 1802 dore,
415 1736 661 1787 suavitate
696 1752 932 1786 sensuum
962 1734 1139 1798 animi,
1173 1732 1361 1783 formae
1392 1732 1606 1799 denique
1631 1749 1747 1799 per-

240 1830 449 1880 fectione
503 1835 555 1880 et
601 1829 762 1879 nitore
801 1828 1043 1897 insignia,
1090 1845 1187 1895 quo
1236 1827 1472 1893 pauciora
1511 1825 1743 1894 reliquit,

238 1942 296 1973 eo
331 1923 494 1989 magis
522 1921 583 1973 ab
608 1922 703 1987 eis,
739 1920 920 1988 quibus
942 1938 1055 1971 cum
1084 1920 1247 1971 Musis
1277 1919 1626 1970 commercium
1651 1923 1744 1983 est,

240 2015 581 2083 suspiciuntur
617 2032 672 2064 ac
701 2013 984 2081 diliguntur
1013 2042 1078 2050 —
1115 2011 1399 2062 mirandum
1434 2016 1512 2061 est
1548 2011 1740 2062 Lenne-

240 2108 380 2175 pium
421 2108 472 2157 in
514 2114 618 2157 tam
654 2111 893 2172 occupata
923 2105 1029 2155 vita
1067 2109 1119 2155 et
1155 2104 1206 2153 in
1247 2108 1390 2153 tanta
1429 2102 1743 2171 neg-otiorum

240 2200 563 2251 multitudine
593 2217 748 2267 quum
778 2198 999 2249 muneris
1028 2197 1186 2248 officio
1213 2202 1322 2247 tum
1349 2196 1612 2248 literarum
1639 2202 1746 2247 stu-

238 2293 334 2345 diis
381 2293 665 2345 satisfacere
708 2293 953 2359 potuisse,
1000 2309 1155 2359 eaque
1203 2290 1388 2357 scripta
1438 2289 1743 2358 relinquere,

240 2405 366 2455 quae
401 2404 580 2437 nomen
615 2387 722 2437 eius
758 2385 1041 2453 posteritati
1077 2383 1480 2435 commendatum
1515 2388 1648 2434 sunt.

308 2480 408 2531 Sed
436 2498 591 2548 quum
619 2497 804 2530 annum
831 2479 1010 2530 aetatis
1037 2483 1271 2546 quartum
1296 2482 1348 2528 et
1368 2476 1744 2545 sexagesimum

241 2574 513 2642 attigisset,
556 2592 611 2623 ac
651 2571 790 2622 velut
830 2572 879 2621 in
919 2570 1070 2639 longa
1103 2569 1390 2638 difficilique
1429 2568 1742 2638 navigatione

244 2666 352 2717 vola
377 2666 665 2717 contrahere
701 2671 927 2731 cuperet,
964 2663 1114 2714 simul
1147 2670 1199 2714 ct
1226 2663 1494 2714 lectionum
1523 2662 1745 2730 publica-

242 2777 351 2809 rum
388 2776 534 2808 onero
571 2758 721 2809 levari
755 2765 805 2807 ct
836 2776 1015 2808 munus
1049 2757 1400 2826 gravissimum
1434 2757 1484 2807 in
1520 2755 1742 2823 Collegio

244 2855 475 2903 Statium]
503 2851 884 2902 l‘rovincialium
912 2849 1211 2901 llollandino
1236 2849 1423 2915 imponi
1449 2848 1541 2899 sibi
1567 2867 1742 2914 passus

1228 2951 1246 2974 Ο
