1748 3224
585 238 626 268 ιη
663 238 827 270 usssmm
859 237 1034 268 scvrvnt.
1472 217 1566 272 103

64 366 168 395 men
209 365 338 398 ausus
369 359 434 394 est
474 359 646 395 certum
684 352 906 400 iudicium
941 350 1106 402 facere.
1159 351 1274 397 sitne
1313 349 1363 393 in
1399 364 1440 392 v,
1479 350 1563 394 405

65 420 106 468 οἱ
135 415 177 469 δ’
211 416 344 480 ὥστ’,
389 442 447 473 an
490 418 557 480 ἧδ’
580 422 636 477 ὡς
673 427 927 485 legendum.
991 427 1050 470 At
1089 425 1177 468 nisi
1221 416 1287 479 ᾖδ’
1327 418 1382 472 ὥς
1426 426 1563 483 legas,

62 500 230 545 carebit
246 502 504 560 praecedens
522 501 798 560 comparatio
818 502 958 545 altero
979 517 1058 544 suo
1080 500 1299 554 membro,
1319 516 1408 559 quo
1422 500 1562 545 leoni·

63 575 144 621 bus
171 576 225 620 de
251 592 381 623 cervo
408 576 710 636 pugnantibus
737 577 1044 620 assimilantur
1064 576 1273 621 Hercules
1297 583 1343 620 et
1367 575 1563 634 Cycnus5

62 667 205 710 neque
242 652 385 705 enim,
425 661 631 711 sequente
669 646 709 696 οἱ
741 644 813 707 δ’,
844 651 954 703 erit,
995 659 1048 694 ut
1082 658 1200 695 recte
1238 651 1356 709 quod
1396 667 1439 695 v-
1481 651 1565 696 412

61 735 206 777 exstat
245 730 298 773 ad
338 729 538 790 priorem
575 743 749 787 quoque
783 727 1163 786 comparationem
1202 727 1366 770 trahas.
1428 726 1565 786 Equi-

60 803 163 847 dem
195 819 344 848 versus
375 805 624 855 402÷404,
650 804 687 847 si
711 803 928 856 abessent,
957 818 1050 846 non
1076 803 1384 847 desiderarem.
1437 803 1567 846 Prae-

62 887 264 937 terquam
302 880 448 932 enim,
486 881 603 938 quod
630 880 704 923 hic
731 880 900 922 affatim
929 886 993 922 est
1017 878 1421 937 comparationum,
1440 878 1568 936 prior

59 955 167 1008 illa,
209 970 294 1012 qua
331 963 458 1014 parte
497 955 668 1015 aliquid
705 954 839 1000 habet
877 955 932 999 ab
964 954 1107 997 simili
1146 954 1381 997 Homerica
1416 954 1474 1001 Il.
1505 953 1565 997 H.

62 1032 148 1075 756
179 1031 433 1085 diversum,
473 1030 760 1079 offensionem
788 1039 908 1078 creat
941 1039 1041 1075 t-um
1069 1031 1268 1089 neglecto
1296 1030 1569 1088 digammate

60 1107 110 1150 in
140 1102 228 1164 σφ’
263 1098 403 1167 ἶοιχῆ,
439 1115 561 1160 tum,
598 1115 642 1150 et
673 1107 813 1164 magis
840 1107 1002 1159 etiam,
1036 1107 1155 1164 quod
1182 1106 1398 1150 dicuntur
1424 1106 1570 1150 leoni-

60 1182 141 1229 bus
171 1176 274 1238 ἅμα
306 1174 536 1242 γίγνεσθαι
577 1176 690 1243 ἰαχὴ
725 1191 770 1227 et
801 1175 972 1240 ἄραβος
1004 1173 1206 1238 ὀδόντων,
1241 1183 1361 1240 quod
1391 1182 1457 1229 rei
1487 1197 1567 1224 na-

59 1266 187 1302 turae
222 1267 464 1318 repugnat,
507 1274 611 1301 cum
648 1258 729 1301 fiat
760 1259 954 1301 alterum
983 1257 1161 1311 hiante,
1197 1258 1393 1302 alterum
1421 1272 1568 1316 presso

38 1349 148 1378 xore.

118 1502 191 1530 vv.
223 1486 308 1535 405
335 1500 422 1543 seq.
451 1493 495 1528 et
525 1486 609 1528 412
636 1491 815 1528 exstant
842 1483 978 1527 etiam
1008 1484 1125 1540 apud
1150 1482 1396 1526 Homerum
1422 1484 1477 1528 11.
1510 1485 1568 1528 Π.

61 1562 147 1609 428
181 1576 325 1620 seqq„
361 1561 416 1605 ad
445 1575 580 1619 quem
605 1561 757 1604 locum
790 1559 992 1615 Heynius
1022 1565 1172 1601 nostra
1212 1558 1320 1602 haec
1346 1574 1403 1602 ex
1430 1560 1569 1605 inter-

58 1638 290 1697 polatione
327 1645 425 1685 orta
464 1643 624 1683 censet.
688 1634 771 1678 Sed
817 1642 962 1679 exstat
993 1649 1142 1677 versus
1177 1634 1262 1678 405
1300 1634 1438 1677 etiam
1479 1633 1564 1680 Od.

58 1715 116 1760 X.
152 1715 239 1764 302
276 1715 327 1763 in
368 1713 512 1757 simili
542 1710 900 1769 comparatione,
943 1725 1055 1769 quae
1094 1710 1155 1752 sic
1192 1710 1399 1754 videatur
1435 1718 1479 1754 et
1519 1711 1569 1756 in

59 1790 223 1850 primis
248 1790 451 1833 adamata
477 1788 611 1832 fuisse
639 1788 789 1846 Epicis
817 1795 861 1830 et
888 1788 1085 1830 solemne
1111 1784 1202 1829 fere
1231 1787 1351 1844 apud
1380 1802 1452 1829 eos
1475 1787 1569 1830 ini-

59 1866 179 1909 tium
208 1864 424 1908 habuisse.

123 1934 327 1999 oei‘yvmo)
371 1931 713 1999 γαμψώνυχες,
758 1930 1122 1996 ἀγκυλοχεῗλαι,
1163 1937 1386 1981 incertum
1428 1937 1567 1988 unde,

59 2018 168 2061 citat
195 2017 350 2074 Etym.
381 2015 443 2059 M.
474 2031 519 2074 p.
555 2017 630 2066 11,
664 2015 746 2063 20;
780 2003 1097 2071 γαμψώνυχες
1127 2011 1247 2055 idem
1277 2027 1323 2070 p.
1358 2012 1460 2064 221,
1498 2015 1567 2056 11.

120 2184 163 2213 v.
187 2169 287 2213 406.
331 2159 563 2224 κλάζοντε]
601 2167 701 2211 Duo
734 2166 958 2216 vultures,
992 2172 1043 2206 ut
1069 2171 1132 2206 est
1161 2162 1254 2205 fere
1281 2178 1364 2221 par
1390 2163 1451 2216 ita
1481 2178 1568 2221 pu-

59 2245 313 2304 guantium.

119 2412 162 2439 v.
190 2398 290 2441 407.
334 2389 462 2454 αἰγὸς
496 2387 791 2452 ὀρεσσινόμου]
856 2392 1135 2450 Intelligitur
1174 2381 1320 2446 ἀμφί,
1346 2391 1416 2433 vel
1449 2387 1569 2448 περί,

60 2480 114 2516 ut
141 2487 282 2531 saepe.

119 2624 281 2668 Versus
312 2625 397 2668 409
424 2632 625 2666 extrema
657 2637 759 2667 cum
786 2618 1014 2679 principio
1037 2618 1260 2676 sequentis'
1277 2617 1387 2660 citat
1412 2617 1565 2675 Etym.

62 2700 123 2744 M.
155 2715 201 2758 p.
229 2700 305 2751 42,
330 2700 412 2751 32,
446 2699 517 2741 sed
550 2714 640 2741 non
666 2698 759 2740 sine
786 2695 1051 2747 variatione3
1087 2694 1140 2736 de
1169 2709 1255 2749 qua
1277 2694 1376 2736 dixi
1408 2693 1455 2735 in
1488 2710 1565 2736 no-

62 2775 120 2818 tis
143 2775 375 2818 contextui
405 2774 627 2818 subiectis.
