1748 3224
588 252 626 280 m
659 250 825 281 nssmm
853 249 1028 280 scvrvu.
1478 227 1541 277 77

47 373 242 424 portant,
265 380 355 408 non
374 356 536 420 δμωαί,
555 365 628 407 sed
649 355 802 419 δμῶες.
864 363 1035 408 Verum
1064 361 1140 404 hio
1164 359 1343 417 quidem
1373 358 1541 417 Hyme-

47 454 208 485 naeum
254 439 458 483 cecinisse
491 439 626 483 etiam
658 453 817 496 pueros
850 438 998 496 arguit
1037 452 1080 480 v.
1118 437 1221 480 278.
1291 435 1461 478 Pariter
1492 435 1542 477 in

0 527 8 547 -’
48 515 246 573 nuptiali
280 515 478 558 carmine
516 514 631 572 apud
669 513 900 557 Catullum
930 513 1010 556 LX
1043 511 1369 570 Hymenaeum·
1389 524 1546 557 canere

46 589 261 633 iubentur
286 598 379 634 tam
406 589 536 649 pueri
562 605 604 634 v.
635 590 715 632 121
746 605 880 647 seqq„
909 603 1045 646 quam
1070 587 1265 646 virgines
1284 602 1327 630 v.
1349 587 1407 630 36
1426 600 1543 643 seqq.

107 742 260 785 v.275
291 741 401 784 citat
427 741 582 798 Etym.
614 739 674 783 M.
706 755 751 798 p.
783 741 892 791 300,
925 740 966 781 4.
1025 737 1155 783 conf.
1183 744 1227 781 et
1254 738 1409 795 Etym.
1427 735 1547 780 Gud.

47 832 94 875 p.
126 818 230 868 167,
259 818 286 859 3
311 830 451 873 seqq.·,
485 813 644 858 Orion.
669 815 810 858 Theb.
841 830 887 873 Ρ.
917 815 995 866 66,
1018 816 1063 857 9.

114 886 250 938 σέλας
282 879 510 947 εἶλῦφοιζε]
537 890 583 934 h.
595 906 631 934 e.
642 890 828 934 volvebat
841 907 901 942 se,
912 889 1098 940 facibus,
1110 889 1219 932 dum
1236 886 1549 946 portabantur,

14 991 17 997 ν
50 967 241 1026 agitatis.
301 966 371 1011 Ab
409 960 514 1020 ἕλω,
546 966 688 1018 νοῖνο,
710 967 971 1025 productior
994 964 1142 1008 forma
1161 972 1225 1007 est
1253 957 1401 1018 εἶλῦω;
1439 961 1552 1004 hinc

50 1036 241 1100 εἶλῦφω,
274 1034 500 1099 εἶλυφάω,
542 1043 661 1086 unde
697 1042 814 1101 apud
852 1041 983 1085 Hom.
1025 1041 1079 1084 Il.
1119 1040 1174 1083 Λ.
1215 1040 1298 1082 156
1340 1030 1550 1092 εἰλυφόων

51 1111 230 1174 ἄνεμος,
275 1119 391 1177 apud
431 1118 670 1163 Hesiodum
710 1119 760 1161 in
800 1117 886 1161 Th.
927 1117 1012 1160 692
1050 1109 1211 1174 Φλὸγα
1242 1106 1554 1170 εἰλυφόωντες,

50 1201 181 1251 atque
207 1194 316 1236 hinc
341 1193 533 1251 denique
562 1185 814 1250 εἶλυφάζω,
854 1207 988 1250 quam
1025 1190 1220 1234 formam
1250 1190 1386 1234 habet
1413 1188 1550 1231 etiam

0 1294 2 1298 ν
50 1269 272 1312 Homerus
303 1269 360 1312 11.
394 1269 445 1313 T.
465 1270 563 1321 492,
581 1269 659 1311 ubi
681 1268 867 1312 verbum
888 1276 952 1311 est
973 1267 1279 1310 transitivum.
1292 1264 1416 1322 Quae
1431 1263 1550 1321 apud

50 1343 207 1401 Etym.
237 1344 297 1387 M.
323 1359 368 1402 p.
398 1346 507 1396 300,
534 1346 554 1386 1
595 1352 647 1387 ut
671 1343 881 1387 Hesiodea
911 1344 1132 1393 citantur,
1165 1335 1322 1398 ἄνεμος
1342 1331 1551 1396 δὲφλ6γ’

50 1411 325 1476 εἶλυφάζων,
368 1420 474 1463 adeo
518 1427 622 1462 sunt
653 1418 900 1462 Homericis
930 1419 979 1461 in
1010 1418 1221 1476 proxime
1251 1417 1387 1459 citato
1418 1424 1550 1458 versu

50 1494 217 1538 similia
231 1527 243 1547 ,
266 1502 318 1538 ut
341 1510 502 1539 errasse
524 1496 818 1553 Etymologus
839 1494 890 1538 in
908 1496 1063 1552 po'etae
1088 1492 1274 1536 nomine
1298 1491 1518 1535 videatur.

109 1569 310 1628 Heynius
338 1571 390 1614 ad
419 1571 574 1614 Iliadis
599 1571 652 1614 ll.
680 1586 742 1614 cc,
771 1584 948 1612 versum
975 1569 1097 1611 hunc
1119 1576 1163 1611 et
1184 1574 1437 1625 sequentem
1459 1579 1549 1606 non

0 1651 6 1660 '
51 1660 139 1689 esse
175 1645 315 1703 primi
349 1648 504 1704 poetae
541 1645 713 1689 censuit
753 1645 810 1687 ob
847 1645 1098 1703 neglectum
1138 1643 1187 1686 in
1228 1634 1445 1698 εἰλύφαζε
1482 1641 1551 1683 di-

52 1735 242 1779 gamma.
302 1721 499 1765 Fortasse
536 1737 619 1780 pro
657 1716 792 1767 σέλας
832 1719 1079 1777 antiquitus
1114 1717 1236 1762 aliud
1265 1715 1357 1759 fuit
1387 1730 1551 1759 nomen

51 1795 188 1839 unius
211 1796 432 1854 syllabae,
465 1811 535 1839 ex.
570 1810 636 1854 gr.
669 1790 791 1852 φλὸξ
834 1794 970 1852 (conf.
1013 1793 1135 1837 infra
1176 1808 1220 1836 v.
1262 1790 1391 1849 451),
1432 1790 1550 1848 quod

53 1871 316 1930 posteriores
337 1871 561 1929 digamma
583 1872 837 1928 ignorantes
862 1878 906 1913 et
928 1871 1213 1928 dactylorum
1238 1866 1424 1911 studiosi
1448 1881 1552 1909 mu-

51 1946 263 1989 taverint.
316 1944 398 1989 Sed
436 1945 617 1988 sortasse
648 1960 790 2003 neque
818 1959 984 1988 necesse
1013 1946 1071 1988 sit
1097 1960 1146 1987 eo
1171 1957 1417 1992 recurrere,
1446 1956 1550 1984 cum

53 2021 148 2079 ipse
179 2021 380 2079 Heynius
417 2021 465 2063 in
506 2016 612 2074 ἕλω,
656 2012 741 2063 ἕλω
781 2029 824 2064 et
866 2019 1121 2078 compositis
1159 2019 1380 2061 variatum
1418 2015 1551 2058 fuisse

53 2103 280 2154 agnoscat,
314 2111 454 2154 neque
480 2097 704 2154 digamma
733 2096 924 2140 habeant
953 2086 1136 2147 ἐλύσθη,
1169 2085 1382 2145 ἐλυσθείς,
1413 2092 1467 2136 Il.
1491 2092 1548 2134 Ψ.

54 2173 163 2223 393,
193 2172 251 2216 Ω.
284 2173 390 2223 510,
424 2170 508 2216 Od.
538 2171 572 2215 Ι.
602 2172 702 2215 433.

109 2247 172 2292 Vt
210 2255 359 2292 autem
394 2263 463 2290 res
500 2248 573 2290 hic
609 2249 747 2290 relata
781 2262 824 2290 se
857 2246 1082 2289 visendam
1111 2246 1160 2288 in
1187 2245 1346 2303 clypeo
1370 2240 1549 2301 praebe-

52 2330 145 2374 ret,
177 2321 343 2367 efficere
371 2323 521 2381 potuit
559 2323 610 2366 in
646 2338 746 2366 area
775 2323 950 2381 clypei,
990 2337 1077 2379 qua
1112 2328 1238 2379 parte
1267 2320 1374 2363 haec
1403 2318 1550 2375 imago

52 2403 170 2448 erat,
202 2411 358 2441 aureae
388 2399 600 2441 materiae
629 2398 854 2456 splendor.

111 2563 155 2592 v.
179 2550 278 2592 276.
325 2544 482 2608 χερσὶν
516 2541 772 2607 ἔνι’δμωῶν]
835 2547 1031 2591 Offendit
1062 2546 1263 2593 Wolfius
1299 2545 1352 2587 ad
1385 2543 1496 2587 faces
1527 2559 1551 2586 a

10 2670 14 2675 ,
38 2625 320 2672 mulieribus
339 2626 572 2683 praelatas.
601 2623 684 2668 Sed
710 2626 841 2677 unde,
856 2637 1028 2681 quaeso,
1042 2629 1212 2666 constat
1233 2635 1404 2678 semper
1418 2618 1551 2662 fuisse

53 2714 219 2752 mares,
246 2701 324 2758 qui
349 2699 675 2759 praetulerint?
708 2698 837 2744 Certe
861 2699 1018 2742 matris
1041 2698 1193 2755 aliquo
1214 2704 1414 2754 tempore
1432 2694 1550 2753 apud

55 2773 241 2818 Graecos
268 2775 315 2818 id
344 2775 539 2826 officium
567 2775 725 2828 fuisse,
758 2776 896 2819 tradit
926 2774 1076 2818 Schol.
1099 2774 1150 2816 ad
1179 2773 1329 2831 Apoll.
1361 2771 1450 2816 Rh.
1471 2769 1547 2814 IV.
