1748 3224
166 229 261 280 108
745 243 1068 275 conmnuumvs

165 365 278 418 553;
321 363 532 419 Aeschyl.
574 361 623 404 in
662 360 801 403 Persis
835 360 942 410 1313
989 358 1147 401 suidas
1191 374 1235 401 v.
1267 351 1426 416 πρεῶν,
1473 373 1670 418 quaeque
1744 336 1748 350 ¹

161 440 338 484 notavit
364 435 634 482 Rittershus.
670 435 724 477 ad
749 434 951 493 Oppiani
976 433 1145 492 Cyneg.
1179 434 1258 477 ΙΙΙ.
1292 437 1394 479 315.

221 606 267 634 v.
295 591 396 634 439.
437 580 591 647 πάγος
625 579 674 631 δέ
709 583 747 630 οἱ
779 579 1098 646 ἀντεβόλησεν]
1135 587 1256 631 Citat
1279 588 1470 630 Zonaras
1490 602 1536 686 p.
1557 587 1671 639 288,

162 667 236 710 sed
274 681 355 724 per
384 657 641 721 μνημονικὸν
674 656 928 721 ἁμάρτημα
956 671 1008 705 ut
1032 662 1231 706 Homeri.

221 741 263 786 A
291 733 443 800 πάγω,
446 742 561 799 figo,
575 740 744 783 dicitm
763 730 931 797 πάγος,
948 738 1086 794 collis,
1103 738 1255 795 aliquo
1275 738 1372 780 loco
1391 737 1515 796 quasi
1535 737 1670 782 fixus.

163 814 296 861 Conf.
329 817 460 860 Hom.
490 815 575 860 Od.
602 817 653 860 E.
685 818 784 859 405.
840 814 963 858 Talis
987 813 1176 858 Athenis
1198 821 1294 856 erat
1313 801 1482 871 ’Άρειος
1502 806 1671 874 πάγος.

221 984 265 1014 v.
287 969 389 1013 440.
440 960 538 1012 ἔνθα
571 981 644 1024 μιν
667 959 819 1026 ’io-7051]
859 981 916 1009 sc.
950 953 1076 1011 οὗτος
1105 958 1125 1006 ὁ
1154 956 1333 1022 πάγος,
1367 954 1402 1023 ᾧ
1434 961 1672 1009 συνενείκε-
1746 979 1748 982 ·

162 1056 255 1086 ται.
317 1043 390 1087 Sic
418 1051 483 1087 est
502 1033 630 1102 Ἕργ.
649 1047 757 1087 515:
784 1037 857 1084 καί
880 1053 930 1084 τε
956 1033 1036 1085 διὰ
1063 1033 1172 1098 ῥινοῦ
1202 1033 1310 1098 βοὸς
1335 1037 1537 1102 ἔρχεται·
1569 1033 1674 1086 οὐδέ

161 1133 236 1175 μιν
259 1109 410 1179 ’ἰο-χει,
440 1135 497 1164 sc.
532 1114 554 1162 ὅ
583 1113 705 1177 ῥινός.
774 1119 874 1177 Quo
916 1120 1014 1162 loco
1055 1126 1206 1162 autem
1248 1126 1373 1176 petra
1418 1118 1468 1160 in
1508 1119 1672 1161 collem
1746 1145 1748 1148 -

161 1195 398 1255 impingit,
432 1190 495 1254 τῷ
525 1187 576 1250 δὴ
606 1191 915 1251 συνενείκεται,
952 1187 1069 1247 ἔνθα,
1102 1195 1179 1247 ibi,
1213 1194 1331 1237 sistit
1359 1209 1457 1236 eam
1479 1193 1625 1237 collis.
1690 1185 1696 1193 ⁸

220 1363 264 1393 v.
289 1349 390 1391 441.
436 1341 764 1407 βρισάρματος]
790 1364 956 1391 currum
973 1362 1162 1406 gravans
1177 1346 1258 1388 sub
1276 1347 1486 1404 pondere,
1502 1346 1674 1404 quippe

160 1425 291 1468 Deus.
355 1423 487 1470 Conf.
510 1425 730 1468 Homerus
753 1426 808 1468 de
828 1424 1034 1468 Minerva
1057 1423 1113 1465 Il.
1138 1423 1188 1466 E.
1206 1425 1293 1466 835
1314 1437 1426 1480 seq.;
1461 1422 1515 1467 H.
1534 1421 1668 1465 Hom.

160 1501 212 1544 in
241 1500 398 1544 Bacch.
434 1502 503 1544 18.
565 1500 681 1545 Vide
721 1501 806 1543 hoc
849 1501 939 1543 Deo
978 1499 1135 1542 datum
1174 1498 1408 1556 epitheton
1445 1497 1583 1540 etiam
1611 1497 1666 1540 H.

162 1576 294 1621 Hom.
319 1576 370 1619 in
399 1575 590 1620 Martem
623 1590 665 1618 v.
695 1579 735 1619 1.
1704 1576 1709 1579 ’

221 1742 265 1770 v.
292 1728 393 1770 442.
439 1718 517 1770 ὁδ’
535 1717 775 1784 ἐμμαπέως
807 1718 1045 1786 ὑπέδεκτο]
1109 1728 1148 1770 A
1177 1717 1336 1782 μοὶπω,
1366 1724 1484 1769 unde
1514 1721 1673 1780 μαπέω

162 1803 274 1862 (vid.
302 1818 437 1862 supra
469 1819 513 1847 v.
533 1803 662 1860 304),
681 1803 859 1846 verbale
884 1809 947 1845 est
978 1796 1152 1858 μαπής,
1185 1802 1293 1845 hinc
1323 1793 1556 1858 ἓμμοιπῆς,
1588 1792 1672 1856 ἐμ·-

162 1875 356 1935 μαπέως,
388 1884 565 1937 raptim,
597 1878 772 1937 rapide,
811 1878 996 1936 cupide,
1029 1885 1080 1920 ut
1107 1878 1219 1922 bene
1245 1878 1444 1937 explicat
1470 1877 1671 1923 Guietus.

162 1955 370 1999 Ridicula
398 1963 600 1999 veterum
621 1954 906 2012 quorundam
933 1954 1063 2006 ratio,
1081 1954 1255 1997 dictum
1279 1954 1570 2013 opinantium
1589 1968 1671 2011 pro

161 2024 392 2088 οὶμεπέως,
438 2038 489 2072 ut
525 2030 745 2088 significet
790 2020 892 2085 ἅμα
934 2022 997 2087 τῷ
1038 2023 1185 2073 εἰπεῖν.
1261 2015 1374 2075 Vid.
1406 2029 1561 2087 Etym.
1603 2029 1665 2072 M.

161 2122 207 2166 p.
241 2108 327 2151 335
365 2121 451 2165 ΡΝ,
483 2105 675 2164 Hesych.
716 2106 765 2147 in
792 2120 858 2157 v.;
890 2103 1039 2148 schol.
1080 2105 1193 2150 Ven.
1217 2106 1265 2149 B.
1303 2106 1354 2149 ad
1387 2105 1441 2148 11.
1481 2104 1532 2148 E.
1564 2105 1667 2157 836,

163 2183 238 2226 ubi
259 2183 344 2228 V.:
381 2174 604 2238 συντόμως
637 2174 761 2238 παρὰ
796 2174 848 2223 τὸ
879 2170 1083 2239 μάρψαι.
1499 2161 1504 2170 “

221 2349 264 2379 v.
288 2334 388 2378 444.
436 2325 560 2385 ἀντίη
596 2320 717 2387 ἦλθεν
744 2321 925 2391 ”Αρηος]
985 2332 1146 2376 Adhuc
1181 2347 1338 2384 curru,
1378 2341 1428 2374 ut
1464 2332 1666 2385 videtur,

163 2417 304 2464 vecta,
340 2424 444 2452 cum
468 2410 647 2452 dicatur
674 2409 794 2453 infra
827 2425 870 2455 v.
893 2410 977 2454 455
1006 2423 1196 2452 manum
1222 2409 1276 2452 de
1298 2409 1380 2452 illo
1405 2409 1667 2454 extendisse.

226 2477 395 2543 ἐρεμνὴν
439 2477 599 2544 αἰγίδα
644 2485 767 2528 dixit
811 2484 947 2528 etiam
986 2484 1203 2528 Homerus
1247 2484 1299 2527 ΙΙ.
1344 2483 1399 2526 Δ.
1436 2486 1667 2543 167,qu0d

162 2566 400 2618 nigrantem
432 2562 586 2621 aegida
617 2561 815 2605 reddidit
844 2560 1009 2619 Virgil.
1042 2562 1150 2605 Aen.
1169 2561 1290 2607 VIII.
1315 2562 1422 2610 353,
1455 2560 1534 2604 ubi
1571 2562 1670 2605 vide

164 2636 367 2694 lust-rpp-

226 2803 265 2832 ν.
291 2789 390 2833 445.
437 2779 553 2832 desub:
596 2780 636 2831 δ’
672 2780 836 2846 ὑπόδρα
870 2780 1030 2846 Move-⁹]
1097 2789 1360 2831 llorremlum
1409 2794 1450 2830 in
1497 2787 1660 2831 modam
