1748 3224
198 243 264 294 36
788 257 1106 290 connum-nuvs

199 378 320 422 Tum
358 385 409 419 ut
444 376 494 418 in
531 372 679 415 medio
709 372 893 430 clypeo,
924 373 1035 415 item
1070 387 1154 430 pro
1185 371 1320 414 variis
1346 371 1698 425 recensionibus,

196 445 340 509 Φόβος
383 448 522 492 fuerit
563 461 667 488 cum
709 447 926 489 comitatu
956 462 1061 499 suo,
1105 447 1176 489 vel
1205 446 1358 498 draco,
1397 448 1467 491 vel
1506 448 1699 492 Perseus.

198 527 270 572 Sic
309 539 410 568 sane
447 522 570 565 nihil
606 522 824 580 impedit,
850 523 1093 579 quominus
1119 522 1335 580 imagines
1362 522 1559 580 singulae
1580 531 1702 566 recto

197 603 444 660 figurarum
484 604 605 640 statu
640 611 728 640 sese
760 597 1114 655 adspectantium
1146 597 1288 640 oculis
1317 597 1589 648 obtulerint.;
1627 598 1698 640 sed

197 678 274 728 iis,
317 675 422 732 qui,
461 681 514 716 ut
556 673 606 715 in
643 672 753 715 artis
793 687 952 731 opere,
996 673 1262 730 elegantiam
1306 673 1608 730 requirerent,
1653 673 1700 715 id

198 758 339 801 certe,
369 749 487 806 quod
514 747 682 806 prioris
711 747 979 790 recensionis
1008 763 1096 790 esse
1123 747 1269 790 voluit
1298 747 1597 800 Hermannus,
1629 763 1703 791 ve·

199 841 300 868 reor
339 832 391 866 ut
437 823 611 881 placere
650 822 876 881 potuerit,
920 823 970 865 in
1009 823 1237 881 superiore
1275 831 1402 881 parte
1438 824 1587 882 clypei
1633 823 1703 867 in·-
1746 839 1748 842 ⁴

200 914 411 944 numerae
436 899 689 956 imaginum
717 898 906 956 figurae,
929 899 980 940 in
1005 897 1220 941 inferiore
1242 899 1353 941 duae
1376 906 1569 950 tantum,
1590 899 1706 943 Mars

199 985 243 1019 et
278 976 498 1019 Minerva.
562 974 681 1016 Tum
721 973 877 1032 opinio
913 974 995 1017 illa
1034 973 1089 1016 de
1124 973 1259 1016 variis
1292 974 1620 1016 recensionibus
1654 981 1706 1016 ut
1746 1000 1748 1002 -

202 1052 332 1095 nullo
370 1051 531 1094 idoneo
571 1049 740 1092 nititur
777 1047 1096 1100 fundamento,
1130 1049 1219 1091 nisi
1248 1049 1293 1091 id
1325 1063 1506 1106 quaeras
1536 1049 1586 1092 in
1619 1057 1707 1092 sta·
1744 1098 1745 1101 Ἴ

201 1127 367 1170 tuendo
404 1124 690 1183 quaternario
731 1139 937 1167 arearum
976 1139 1186 1176 numero,
1229 1124 1292 1166 ita
1329 1139 1417 1182 quo
1462 1124 1707 1182 probabilis
1743 1130 1746 1135 '

200 1202 351 1259 aliquo
392 1201 525 1243 modo
554 1200 834 1251 redderetur,
880 1199 1137 1243 Hermanno
1164 1201 1465 1243 necessitatem
1493 1200 1710 1257 imposuit
1744 1247 1745 1250 Ἴ

200 1278 347 1320 multa
381 1276 431 1319 in
466 1275 666 1318 carmine
694 1275 914 1327 novandi,
939 1290 1060 1318 nunc
1088 1276 1388 1333 transpositis,
1413 1291 1532 1318 nunc
1561 1283 1708 1320 muta·

203 1352 284 1403 tis,
318 1366 441 1394 nunc
468 1351 644 1394 reiectis
675 1365 885 1394 versuum
917 1351 1035 1393 haud
1063 1351 1226 1408 paucis-

259 1426 472 1471 Ceterum
508 1425 661 1469 fecisse
698 1426 879 1469 videtur
905 1426 999 1484 ipsa
1023 1426 1105 1469 illa
1127 1426 1308 1484 opinio,
1339 1434 1391 1469 ut
1418 1428 1595 1470 nullam
1622 1427 1710 1472 Vir
1746 1437 1748 1478 ζ

201 1502 400 1562 egregius
443 1501 691 1544 habendam
744 1502 965 1544 rationem
1005 1516 1093 1545 esse
1131 1510 1310 1560 putaret
1349 1503 1546 1545 aliorum
1591 1503 1708 1546 circa
1741 1496 1748 1513 ⁴

1740 1552 1748 1573 1

198 1578 317 1621 hanc
338 1592 433 1620 rem
455 1576 720 1628 industriae,
747 1590 852 1619 cum
873 1584 1023 1620 tamen
1045 1585 1142 1635 post
1157 1577 1422 1636 Caylusium
1445 1585 1490 1620 et
1502 1577 1708 1622 Schlich-
1743 1582 1748 1631 ξ

203 1653 449 1711 tegrollum
493 1667 590 1695 eam
621 1666 795 1710 quoque
825 1653 973 1695 dedita
1004 1668 1137 1711 opera
1170 1660 1395 1696 tractasset
1425 1653 1606 1711 ingenio
1633 1668 1710 1712 pa-
1742 1691 1748 1711 ς

203 1728 318 1771 riter
347 1743 396 1770 ac
426 1727 655 1770 doctrinae
685 1727 817 1770 laude
846 1728 1191 1786 spectatissimus
1221 1728 1307 1773 Vir
1332 1728 1622 1783 Welckerus,
1658 1729 1708 1772 iu

204 1802 522 1847 Dissertatione
562 1802 617 1845 de
654 1802 893 1846 Homerico
937 1803 1130 1847 Achillis
1169 1811 1212 1846 et
1253 1803 1464 1847 Hesiodeo
1507 1803 1710 1847 Herculis
1740 1799 1748 1839 Ε

204 1879 392 1937 clypeo,
424 1877 542 1920 edita
574 1876 838 1936 Goettingae
868 1893 907 1921 a.
944 1880 1057 1923 1818
1088 1878 1137 1921 in
1165 1878 1372 1923 zeitschr.
1376 1878 1424 1938 f.
1453 1878 1604 1923 Gescla.
1625 1861 1748 1965 tend-i

205 1954 382 2012 Ausleg.
412 1953 491 1995 der
519 1953 635 1996 alten
668 1954 832 2009 Kana,
865 1969 914 2012 p
945 1957 1031 1997 553
1061 1969 1180 2012 seqq.

266 2027 453 2087 Optime
483 2042 586 2071 usus
615 2028 692 2071 hic
724 2029 822 2072 loco
853 2029 1062 2073 Aristidis
1094 2030 1145 2075 T.
1177 2029 1212 2073 1.
1248 2044 1293 2088 p.
1324 2031 1381 2074 99
1418 2030 1485 2074 ed.
1527 2028 1706 2083 Oxum,

207 2103 287 2147 ubi
317 2102 530 2147 meminit
560 2094 634 2146 ἔπ’
661 2093 852 2151 ἀσπίδος
874 2101 1040 2147 κύκλων
1063 2098 1121 2151 εἷς
1142 2096 1362 2157 ἀλλήλους
1379 2095 1710 2161 ἐμβεβηκότων,
1735 2091 1748 2146 i

206 2180 418 2237 explente
458 2178 564 2222 illos
601 2178 751 2222 medio
790 2178 949 2236 quinto
985 2172 1044 2226 εἷς
1076 2171 1284 2236 ὀμφαλὸν
1313 2179 1384 2238 (ad
1416 2193 1527 2237 quae
1558 2179 1707 2227 Schol.

208 2254 259 2298 in
285 2254 353 2298 ed.
383 2254 518 2298 Dind.
546 2254 599 2299 Τ.
624 2254 703 2298 111.
729 2269 776 2312 p.
795 2254 874 2298 322
900 2245 1050 2298 ’ἰστεον
1078 2248 1145 2299 ὅτι
1167 2249 1219 2299 τὸ
1242 2249 1429 2298 παλαιὸν
1453 2250 1499 2299 αἱ
1523 2248 1717 2304 &ew-53&
1739 2311 1741 2313 Ι

209 2325 479 2387 κυκλοτερεῖς
512 2316 621 2383 ἦσαν
649 2324 724 2373 καὶ
755 2325 885 2373 πέντε
927 2323 1031 2377 τοὺς
1064 2328 1330 2387 σύμπαντας
1368 2327 1554 2379 κύκλους
1585 2322 1710 2393 εἶχον

208 2397 352 2465 μέχρι
381 2404 458 2446 τοῦ
483 2397 711 2461 ὀμφαλοῦ,
736 2396 825 2448 &fre
849 2396 898 2448 ἐκ
924 2399 1215 2464 σφυρηλάτου
1234 2406 1432 2466 χαλκοῦ,
1457 2399 1544 2450 ἐίτε
1566 2401 1711 2457 ἄλλως

209 2491 300 2527 πως
333 2471 377 2523 ἓν
417 2473 652 2541 χρώματι)
673 2504 731 2515 -
750 2481 833 2524 hoc
865 2481 1005 2539 igitur
1037 2483 1132 2525 loco
1165 2497 1267 2526 usus
1290 2482 1555 2528 Welckerus
1575 2483 1707 2527 talem

210 2557 345 2599 etiam
372 2555 575 2600 Herculis
599 2557 809 2615 clypeum
837 2556 922 2599 sibi
953 2555 1218 2600 informavit
1238 2557 1558 2611 orbicularem,
1578 2558 1715 2616 quin·-

212 2632 450 2690 tuplicsm,
494 2632 693 2690 quinque
732 2631 1005 2675 laminarum
1045 2631 1254 2685 orbibus,
1279 2633 1369 2676 alio
1402 2648 1534 2692 super
1566 2634 1707 2678 alium

212 2706 432 2765 impositis
454 2699 788 2766 (ἐμβεβηκόσι),
805 2707 1078 2751 decrescente
1096 2709 1158 2751 sic
1176 2723 1331 2753 earum
1351 2708 1472 2760 orbe,
1495 2714 1546 2752 ut
1564 2706 1706 2751 media

213 2787 343 2839 atque
381 2781 596 2826 altissimo
637 2789 751 2834 tota,
792 2790 1037 2826 ceterarum
1081 2791 1229 2826 nutem
1267 2799 1357 2827 non
1390 2784 1474 2827 nisi
1508 2790 1706 2827 extoema
