1748 3224
259 247 320 295 52
846 263 1169 295 connssa'nmvs

296 393 382 423 rs.
408 379 492 421 183
523 375 846 434 spurius-visus
870 372 1142 419 Ruhnkenio
1173 377 1258 434 Ep.
1287 375 1400 419 Crit.
1427 389 1472 433 p.
1502 376 1610 427 103,
1647 363 1748 418 hine

257 463 301 497 et
344 451 632 502 Heinrichio‚
678 449 951 503 Gaisfordio,
1006 451 1254 494 Dindorfio.
1333 438 1416 493 Sed
1460 458 1578 493 recte
1618 449 1748 492 illum

257 529 398 572 tuitus
440 534 503 569 est
535 525 850 582 Goettlingius.
912 526 1138 583 Namque,
1185 533 1236 567 ut
1277 523 1398 568 infra
1431 523 1748 568 Centaurorum

257 617 378 645 arma
409 607 738 652 memorantur,
773 600 836 642 ita
869 600 942 642 hic
971 600 1266 659 Lapitharum
1299 599 1583 642 memoranda
1615 597 1748 642 erant.-

257 678 386 735 Quod
408 683 564 719 autem
578 709 600 728 ,.
622 691 679 719 ne
702 677 971 719 constructio
995 676 1279 720 offensionem
1304 683 1503 733 pareret,
1534 673 1748 718 Goettlin·

255 753 353 811 gius
387 751 590 810 suppieri
632 751 759 794 iussit
796 741 936 806 ἦσαν,
967 750 1150 794 fortasse
1183 765 1325 808 neque
1354 749 1439 793 hoc
1469 749 1748 792 necessarium

256 836 340 879 est,
371 842 474 870 cum
507 835 606 885 post
635 827 717 870 illa
750 822 903 884 ὑσμίνη
929 819 1164 870 Λαπιθάων
1195 826 1339 870 menti
1359 827 1515 883 poetae
1535 824 1748 868 obversari

255 903 486 961 potuerint
506 901 720 960 Lapithae
740 910 1000 961 pugnante&
1043 901 1174 946 Conf.
1189 902 1470 945 Hermannus
1494 901 1527 943 1.
1544 916 1581 944 c.
1609 916 1654 958 p.
1673 902 1748 944 197

256 980 307 1023 ad
334 994 393 1023 vs,
426 980 526 1022 167.
579 977 834 1036 Agnoscunt
865 977 1355 1022 versumScholiastae.

818 1085 822 1088 .
1721 1083 1724 1086 .
1742 1049 1748 1088 ξ

314 1146 356 1174 v.
383 1134 482 1175 185.
523 1122 651 1186 ἀμφὶ
677 1124 823 1187 μέγαν
858 1124 1068 1186 Πετραῖον
1097 1141 1139 1171 κ.
1173 1141 1215 1170 τ.
1239 1123 1302 1185 λ.]
1365 1127 1484 1172 Soita
1519 1136 1583 1171 est
1611 1128 1748 1171 obsera

253 1206 375 1249 vatio
407 1205 617 1249 Muelleri
648 1205 697 1248 in
721 1204 934 1249 Orchom.
959 1220 1004 1263 p.
1035 1207 1138 1256 197,
1165 1205 1258 1263 ipsa
1287 1204 1613 1249 Centaurorum
1642 1203 1691 1246 h.
1723 1203 1748 1249 lc

254 1282 438 1324 nomina
480 1275 710 1337 Πετραῖον,
752 1268 965 1337 Ἄρκτον,
1008 1275 1201 1337 Οὕρειον,
1242 1276 1463 1338 Δρύαλον,
1496 1271 1748 1333 Πεωωείδαες,ε

254 1355 395 1400 feram
427 1364 480 1399 et·
501 1363 714 1414 agrestem
745 1370 900 1406 eorum
932 1363 1142 1398 naturam
1172 1356 1383 1399 indicare.
1436 1355 1655 1399 Memorat
1679 1356 1748 1400 Pe*

252 1438 425 1475 tracum
457 1431 591 1475 etiam
607 1430 756 1474 .1Ovid.
789 1430 895 1473 Met.
929 1431 1030 1474 XII.
1065 1432 1166 1474 327.

308 1497 540 1565 ’Ἁσβολον
581 1499 822 1566 οἰωνιστήν]
883 1506 1227 1550 Restituendum
1269 1506 1353 1549 hoc
1389 1521 1553 1549 nomen
1590 1506 1748 1551 Ovidiu

252 1585 284 1627 l.
316 1599 354 1627 c.
403 1600 445 1627 v.
485 1584 568 1626 307
606 1597 714 1640 seq„
758 1581 835 1624 ubi
866 1597 986 1624 nunc
1018 1588 1082 1624 est
1111 1596 1250 1638 augur·
1280 1582 1513 1638 Astylus.
1574 1582 1634 1626 At
1661 1595 1748 1625 nou

251 1667 369 1702 recte
400 1658 630 1702 Barnesius
661 1658 710 1700 in
743 1657 942 1700 carmine
972 1657 1169 1699 Fornace
1201 1658 1319 1715 apud
1346 1658 1556 1701 Herodot.
1579 1659 1629 1701 in
1649 1658 1748 1703 Vita

254 1734 435 1778 Homeri
462 1749 503 1778 v.
529 1736 556 1777 9
580 1741 879 1776 memoratum
911 1719 1217 1788 ἱὸί”Ασ-βετον
1237 1721 1528 1790 ἰη”Ασ·βὸλον
1549 1733 1748 1776 refictum

252 1809 413 1854 voluit.
464 1808 595 1854 Conf.
623 1809 721 1854 VV.
750 1809 846 1852 DD.
871 1809 919 1851 in
948 1808 1133 1852 Miscell.
1159 1807 1284 1852 Obss.
1313 1809 1416 1854 Vol.
1439 1809 1496 1852 II.
1527 1824 1573 1867 p.
1592 1809 1682 1853 314
1711 1815 1748 1853 e!

252 1884 470 1930 vorm.
503 1899 561 1943 Ρ.
594 1887 677 1929 73.
743 1882 1071 1928 Centaurorum
1115 1884 1164 1926 in
1212 1884 1296 1927 illo
1331 1884 1529 1928 carmine
1566 1883 1748 1929 inferint

251 1960 434 2004 demum
477 1962 647 2004 mentio
689 1960 757 2004 fit.
834 1959 915 2003 Sed
958 1967 1232 2003 memoratur
1276 1959 1464 2005 Asbolus
1508 1947 1748 2003 Centauru}

252 2037 397 2079 etiam·
416 2037 530 2094 apud
556 2036 767 2079 Philostr.
798 2036 846 2078 in
869 2035 970 2078 Her.
992 2050 1036 2093 p.
1058 2036 1144 2079 252
1177 2035 1243 2078 ed.
1271 2035 1482 2086 Boisson„
1511 2035 1748 2079 Tatianum

252 2119 405 2154 contra
437 2111 647 2163 Graecos,
683 2111 923 2155 Eusebium
956 2111 1159 2169 Praepar.
1190 2112 1358 2169 Euang.
1383 2111 1439 2155 X.
1465 2124 1510 2169 p.
1541 2112 1645 2163 495,
1674 2105 1748 2171 qui

251 2187 342 2231 duo
372 2188 507 2231 illum
539 2187 744 2232 referunt
775 2188 894 2231 inter
924 2187 1196 2244 antiquiores
1226 2187 1418 2231 Homero
1449 2189 1695 2247 scriptores.

312 2353 356 2382 v.
383 2337 480 2382 186.
512 2327 701 2396 ’Ἄρκτον
742 2331 784 2381 ’τ’
822 2331 996 2396 Οὔρειόν
1031 2349 1084 2380 τε
1122 2339 1224 2395 μελ.
1264 2350 1315 2381 τε
1354 2332 1594 2398 Μίμαντα]
1638 2332 1748 2384 -No‘a

253 2422 560 2458 memorantur
599 2413 708 2457 alibi
746 2414 863 2457 inter
895 2413 1137 2458 Centauros
1172 2415 1329 2458 Arctus
1360 2422 1403 2457 et
1433 2415 1618 2458 Mimas.
1669 2403 1748 2459 Sel

249 2488 353 2534 Orei
401 2489 570 2532 mentio
612 2489 665 2531 fit
704 2490 820 2547 apud
861 2489 989 2532 Diod.
1033 2487 1119 2534 Sic.
1163 2489 1238 2534 IV.
1283 2489 1335 2531 12
1377 2497 1420 2532 et
1452 2490 1634 2533 Pausan.
1669 2487 1748 2532 III&

247 2574 384 2608 xvm.
414 2565 458 2608 8.
520 2556 855 2624 Μελαγχαίτης
891 2563 1006 2621 apud
1047 2564 1176 2607 Diod.
1213 2566 1245 2609 1.
1278 2579 1315 2606 c.
1357 2578 1521 2607 nomen
1551 2571 1616 2607 est
1645 2578 1748 2622 pro·-

248 2640 423 2697 priumg
478 2639 549 2683 sed
594 2639 825 2699 epitheton
867 2639 1001 2683 etiam
1046 2638 1268 2682 Centauro
1313 2638 1442 2683 Nesso
1485 2639 1748 2684 conveniens

247 2713 383 2757 duxit
412 2715 652 2774 Sophocles
683 2715 842 2760 Trach.
874 2716 976 2760 857.
1031 2714 1158 2772 Apud
1193 2715 1449 2759 Homerum,
1472 2729 1560 2759 non
1590 2719 1746 2758 exstat.
