1748 3224
225 226 323 261 xv1
816 208 1130 262 PRAEFATIO.

225 362 405 410 operae
439 343 554 394 huic
585 344 724 410 poe'si
756 343 1100 409 arbitraretur,
1124 343 1316 411 sibique
1345 345 1725 397 instaurandum

223 455 331 487 esse
367 437 682 503 antiquitatis
712 454 919 504 graecae
952 436 1196 502 studium,
1241 438 1343 488 sive
1377 439 1509 505 quod
1545 439 1598 488 in
1629 440 1727 490 col-

222 529 436 598 ligendis
472 527 704 578 subsidiis
740 528 835 579 sibi
868 529 1004 580 haud
1038 529 1360 581 satisfaceret.

291 622 463 672 Rediit
503 627 674 671 tamen
715 621 1027 690 aliquamdiu
1065 623 1129 673 ad
1175 624 1435 674 metricam
1477 624 1724 676 Romano-

220 733 358 779 rum,
387 733 544 782 quum
567 714 852 765 Terentiani
882 715 1052 765 Mauri
1082 716 1350 766 editionem
1370 717 1726 770 Santenianam

220 813 335 873 post
380 807 584 858 editoris
619 812 834 858 mortem
870 807 1163 859 absolveret.
1223 809 1352 860 Erat
1390 810 1471 861 hic
1509 811 1555 861 ei
1585 810 1727 861 labor

220 901 468 951 amicitiae
508 905 559 950 et
598 901 781 951 amoris
819 920 968 952 causa
1003 907 1290 969 susceptus,
1332 903 1592 972 facilisque
1622 905 1724 956 fuit

221 993 499 1059 Lennepio,
534 996 736 1059 praeter
761 1011 931 1042 curam
962 993 1284 1060 conquirendi
1307 993 1554 1060 dispersos
1577 995 1724 1046 libel-

218 1086 292 1136 los
341 1091 393 1136 et
444 1084 648 1136 schedas
691 1085 933 1136 Santenii.
1011 1086 1331 1137 Exercitatus
1381 1093 1490 1138 erat
1535 1088 1589 1140 in
1628 1087 1720 1139 hoc

217 1184 515 1248 argumento
548 1178 857 1245 Lennepius;
909 1197 1008 1228 non
1053 1179 1239 1230 multas
1285 1184 1455 1230 tamen
1494 1180 1722 1232 observa—

216 1274 377 1323 tiones
400 1272 461 1323 de
484 1290 572 1322 suo
596 1271 798 1336 adiecit,
821 1272 875 1321 in
899 1271 1079 1339 quibus
1102 1291 1204 1323 una
1227 1272 1428 1325 excellit
1450 1273 1719 1340 uberrima,

215 1364 280 1416 ad
313 1383 384 1415 vs.
414 1369 566 1430 1059,
602 1364 877 1431 disputatio
912 1365 970 1415 de
994 1367 1239 1432 positione
1274 1366 1442 1432 debili,
1478 1385 1606 1434 quae
1634 1367 1720 1418 do-

214 1463 444 1509 cumento
469 1462 569 1523 est,
606 1476 719 1508 eum
755 1457 871 1508 inde
895 1457 956 1507 ab
979 1457 1187 1508 iuvenili
1211 1463 1379 1509 aetate
1403 1458 1530 1511 hanc
1557 1466 1720 1512 artem

215 1552 486 1602 excoluisse
501 1590 514 1615 ‚
548 1551 870 1618 potuisseque
899 1550 978 1600 vel
1003 1569 1114 1601 cum
1141 1550 1377 1602 Santenio
1408 1553 1718 1620 contendere,

213 1645 256 1695 si
314 1644 539 1695 lectionis
592 1644 856 1694 diuturnae
899 1648 1124 1693 veterum
1171 1644 1490 1694 metricorum
1525 1644 1717 1697 fructus

213 1739 258 1789 ei
295 1738 669 1805 suppetivisset.

282 1831 638 1881 Praecurrerat
654 1829 771 1880 huic
787 1830 944 1879 labori
964 1830 1185 1880 eiusdem
1206 1831 1403 1898 generis
1429 1849 1547 1883 cura
1568 1831 1718 1883 eden-

212 1924 261 1974 di
301 1942 537 1992 magnam
568 1929 765 1989 partem
795 1922 1130 1991 Anthologiae
1160 1940 1389 1990 graecae,
1419 1924 1558 1974 cuius
1586 1942 1716 1976 com-

207 2018 514 2067 mentarium
558 2016 800 2067 Boschius
845 2016 1099 2084 integrum
1136 2015 1356 2083 reliquit.
1429 2016 1713 2084 Lennepius

211 2116 326 2179 post
356 2115 567 2160 mortem
599 2108 748 2159 huius
785 2108 1058 2159 doctissimi
1089 2109 1204 2173 viri,
1249 2109 1388 2159 cuius
1417 2111 1711 2162 *memoriam

211 2204 263 2252 iu
306 2203 479 2269 primis
525 2201 738 2266 colebat,
783 2202 918 2269 typis
962 2201 1332 2253 describendam
1372 2204 1562 2254 curavit
1602 2209 1712 2255 tum

170 2335 176 2343 ,
212 2303 407 2363 partem
423 2296 688 2347 voluminis
713 2296 905 2363 quarti,
925 2301 1033 2346 tum
1058 2296 1290 2363 quintum
1314 2296 1584 2365 integrum.
1614 2298 1714 2350 Sed

221 2389 455 2441 Boschius
486 2388 1030 2450 tantum,inchoavcrat
1062 2388 1210 2439 huius
1240 2391 1480 2455 postremi
1504 2390 1716 2443 volumi-

212 2483 287 2532 nis
319 2482 755 2547 commentarium,
798 2481 1133 2549 pertinentem
1175 2481 1236 2532 ad
1275 2481 1426 2533 libros
1466 2482 1712 2535 Antholo-

210 2576 322 2642 gine
360 2575 565 2625 tortium
610 2580 661 2625 et
701 2579 988 2641 sequentes,
1030 2593 1142 2624 cum
1184 2575 1454 2626 mantissis.
1527 2575 1714 2628 Deerat

210 2669 287 2719 his
313 2669 526 2736 amplior
553 2667 775 2736 probatio
806 2668 1062 2719 constituti
1087 2674 1255 2719 textus
1281 2674 1332 2719 ot
1357 2669 1713 2721 correctionum

211 2764 259 2812 in
317 2760 476 2811 verbis
535 2766 793 2828 poetarum
841 2760 1387 2829 epigrammaticorum,
1439 2761 1710 2829 cademque

209 2852 494 2920 disputandi
542 2852 765 2914 nbcrtas,
810 2871 936 2920 quae
978 2853 1145 2919 priora
1192 2852 1443 2905 volumina
1485 2852 1713 2914 ornabat.-
