1748 3224
553 216 592 245 11«
626 214 792 246 nsss1om
822 214 994 246 scv'rvn.
1457 195 1518 246 57

27 338 128 388 post
154 344 200 374 v.
238 330 323 372 203
362 330 533 387 aliquos
562 329 793 380 excidisse,
831 329 925 380 vel,
962 327 1148 370 admissa
1185 325 1518 371 Bauermeisteri

27 405 222 456 ratione,
254 419 430 447 versum
463 404 548 447 206
578 403 796 460 excepisse
826 403 907 446 hos
936 403 1048 446 duo:

108 512 109 515 ,
154 470 198 522 ἐν
229 470 269 522 δ’
301 471 454 537 ἀγορή·
484 473 582 536 περὶ
615 469 654 521 δ’
675 471 810 534 ὄλβος
838 471 1056 536 ἀπείριτος
1085 469 1370 534 ἐστεφάνωτο

155 546 380 598 ἀθανάτων
404 547 446 597 ἐν
471 546 625 613 ἀγῶνι·
655 547 755 597 θεῶν
787 547 824 598 δ’
858 547 955 601 ἕδος
984 547 1141 612 άγνυτ’
1159 542 1414 610 ”Ολυμπος.

27 631 165 676 Cuius
195 631 456 683 sententiae,
489 631 538 673 in
557 646 643 688 qua
665 631 745 673 ille
766 630 851 674 sibi
873 630 1232 688 acquiescendum
1254 638 1405 688 putat,
1427 645 1518 673 non

24 707 269 766 perspicere
288 721 359 753 me
381 707 602 749 rationem
629 703 795 756 fateor,
827 706 914 749 nisi
936 705 1010 749 illi
1036 706 1097 748 sic
1129 698 1287 764 ἄγνωτ’
1317 713 1380 748 est
1407 720 1519 747 rum-

15 781 213 840 pebatur,
243 797 301 826 sc.
334 780 560 825 affluentia
590 781 878 834 divitiarum,
902 789 955 824 ut
984 796 1139 824 messes
1162 797 1351 838 rumpere
1370 781 1520 823 horrea

22 857 252 901 dicuntur.
315 856 434 899 Mihi
470 856 706 913 aliquando
740 856 790 899 in
826 864 1020 900 mentem
1060 857 1207 908 venit,
1257 871 1342 899 esse
1378 847 1521 915 ἔγγὺς

21 932 259 990 legendum
289 946 372 990 pro
403 924 560 990 ἁγνὸς,
592 938 643 973 ut
672 931 966 989 significetur,
999 930 1253 990 Olympum
1279 930 1412 975 fuisse
1442 947 1519 975 ex-

19 1022 219 1066 pressum
253 1007 381 1050 iuxta
419 1006 609 1049 chorum
645 1007 867 1059 Deorum,
903 1008 983 1065 qui
1019 1007 1175 1066 egressi
1208 1007 1312 1050 inde
1342 1007 1520 1050 aedibus

17 1083 110 1126 suis
141 1089 425 1126 censerentur
455 1097 558 1124 cum
588 1080 802 1140 Apolline
831 1083 882 1125 ad
916 1083 1104 1125 chorum
1134 1090 1235 1126 ante
1261 1083 1383 1125 aedes
1409 1083 1519 1126 cele·

18 1158 261 1210 brandum,
303 1158 500 1200 iuniores
537 1158 718 1215 quidem
757 1159 827 1211 hi,
877 1159 1022 1202 sedem
1064 1173 1187 1201 suam
1225 1157 1520 1200 retinentibus

18 1234 142 1286 aliis,
173 1233 253 1276 ubi
277 1233 326 1276 in
348 1232 550 1292 Olympo
573 1234 877 1277 celebrabatur
907 1227 1046 1292 ἀγορὴ
1075 1241 1117 1276 et
1147 1225 1373 1277 ἀθανάτων
1397 1225 1519 1291 ἀγὼν

15 1309 68 1352 in
96 1325 269 1354 summa
299 1326 452 1354 rerum
483 1312 734 1369 opulentia,
753 1327 844 1355 non
874 1312 968 1354 sine
999 1311 1225 1354 Musarum
1250 1317 1405 1365 cantu,
1431 1323 1518 1367 quo

16 1384 212 1429 Deorum
235 1385 498 1430 convivium
522 1386 807 1428 exhilaratur
836 1386 971 1428 etiam
985 1386 1048 1443 ‚11.
1081 1384 1134 1429 A.
1167 1386 1253 1428 603
1288 1399 1403 1443 seqq.

76 1551 119 1579 v.
155 1538 242 1580 204
287 1537 493 1595 spurium
535 1537 707 1579 censuit
755 1535 1062 1587 Heinrichius,
1119 1551 1210 1578 non
1253 1536 1348 1579 sine
1390 1549 1516 1578 causa

17 1610 171 1668 utique
201 1618 301 1668 post
331 1604 488 1670 ἄγνωτ’
522 1612 576 1655 ab
607 1627 656 1655 eo
685 1620 930 1671 receptum.
994 1612 1276 1655 Hermannus
1302 1618 1451 1653 autem
1478 1611 1511 1653 1.

15 1699 54 1726 c.
87 1699 164 1743 pp.
190 1686 288 1737 198,
308 1687 408 1738 211,
425 1688 525 1739 213,
553 1695 724 1730 servato
752 1703 895 1739 versu,
912 1688 983 1731 sed
1002 1695 1100 1745 post
1117 1702 1158 1730 v.
1177 1687 1263 1731 206
1283 1686 1443 1744 posito,
1462 1686 1516 1729 de

15 1774 168 1802 rerum
197 1762 422 1814 venalium
438 1761 537 1806 foro
550 1770 595 1806 et
606 1764 765 1822 opibus
783 1764 1024 1807 ‘hominum
1042 1763 1180 1821 accipi
1198 1764 1335 1806 illum
1351 1762 1511 1806 voluit.

81 1828 216 1891 b'Assog
254 1829 500 1898 ἆπέἵρῑτος]
580 1840 771 1899 Olympi
823 1841 1002 1884 divitis·
1060 1835 1251 1898 χρύσεον
1295 1829 1513 1889 δάπεδον,

15 1906 192 1969 χρύσεοι
228 1903 346 1955 δέπαι
395 1924 613 1959 memorat
652 1915 795 1960 etiam'
819 1916 949 1961 Hom.
991 1915 1047 1959 Il.
1087 1914 1142 1956 Δ·
1174 1914 1202 1956 2
1235 1927 1344 1970 seq.‚
1384 1907 1513 1959 Ζανὸς

13 1981 301 2046 πολύχρυσον
333 1979 447 2032 οἷκον
477 1992 633 2049 Eurip.
666 1993 717 2035 in
747 1992 930 2050 Hippol.
964 1993 1035 2036 69.

72 2153 146 2182 vv.
179 2138 426 2185 207-215.
476 2141 598 2185 Nova
636 2143 802 2200 imago:
835 2150 990 2200 portus
1022 2139 1181 2191 maris,
1217 2139 1266 2181 in
1299 2153 1387 2196 quo
1417 2139 1510 2182 del-

12 2212 171 2270 phines
195 2213 361 2272 aliique
387 2215 546 2274 pisces,
576 2217 797 2260 adsidente
822 2217 872 2259 in
896 2217 995 2275 ripa
1022 2217 1252 2275 piscatore.
1311 2214 1510 2256 Priorem

11 2286 147 2332 huius
182 2290 271 2333 loci
302 2299 477 2348 partem
519 2293 737 2350 expressit
772 2293 992 2335 imitando
1026 2291 1188 2349 Virgil.
1228 2287 1341 2332 Aen.
1385 2289 1506 2334 VIII.

13 2363 96 2408 671
129 2379 242 2422 seqq.
307 2365 361 2408 In
385 2374 519 2424 portu
548 2367 780 2425 delphines
807 2366 1110 2425 fugientesque
1133 2380 1203 2408 eos
1224 2363 1359 2421 pisces
1380 2363 1512 2406 exhi-

12 2437 112 2483 buit
141 2440 278 2483 etiam
306 2440 356 2484 in
387 2441 579 2485 Achillis
604 2443 762 2501 clypeo
793 2442 1010 2485 Homerus
1040 2442 1094 2486 11.
1126 2441 1178 2484 T.
1213 2442 1401 2485 22-24.

71 2603 115 2632 v.
137 2589 238 2634 207.
279 2582 604 2647 ἀμαιμακέτοιο
628 2585 899 2651 Oeniden-nc]
951 2593 1066 2636 Male
1094 2592 1144 2636 in
1184 2585 1420 2636 Heinsiana
1462 2599 1505 2635 et

11 2663 259 2708 ,Graeviana
308 2666 534 2710 redditum
577 2676 641 2711 est
684 2674 875 2710 immensi
916 2673 1059 2712 maris.
1130 2669 1307 2712 Rectius
1353 2667 1503 2719 Basil„

13 2737 247 2791 Schmidt„
282 2740 505 2786 Wintert.
544 2743 774 2786 reddidere
809 2744 1020 2795 indomiti,
1060 2737 1166 2801 πρὸς
1193 2737 1238 2797 ἣν
1267 2734 1404 2794 οὐδεὶς
1431 2735 1504 2786 δύ-
