1748 3224
209 225 276 275 96
805 240 1125 271 commssunnlvs

273 356 322 398 In
353 372 392 399 v.
422 357 507 399 369
538 362 759 412 postrema
791 355 841 396 iu
871 346 1191 410 ἐπιπειθόμενος
1231 361 1282 395 ut
1316 354 1460 396 media
1495 354 1544 396 in
1581 355 1712 412 quin-

211 447 297 489 que
326 430 532 473 brevibus
561 429 797 488 producta,
838 438 1061 487 postrema
1090 431 1137 472 in
1170 421 1339 488 ἐχέμεν
1368 428 1425 470 ob
1455 443 1635 486 sequens
1666 430 1715 472 in
1744 457 1748 490 ⁸.

212 498 770 564 {pucipphoeracdigamma
786 504 930 549 Vthic
942 504 1158 547 habemus
1166 495 1715 562 εοειιε.Ρ].ἒρυσ-άρμαιτας,
1745 499 1748 543 ἒ

212 582 274 623 ita
302 589 366 623 est
391 580 564 624 nomin.
588 580 654 638 pl.
689 570 991 637 ἒρυσαέρμοιτες
1021 581 1138 639 apud
1162 580 1295 623 Hom.
1321 579 1378 622 Il.
1410 579 1467 623 Π.
1482 581 1582 632 370,
1598 580 1716 638 quod

214 655 346 714 Greg.
385 655 488 700 Cor.
516 655 571 698 de
599 656 654 699 D.
683 655 780 698 Ion.
819 656 846 712 §
878 656 935 697 44
969 656 1142 698 dictum
1170 655 1273 699 vult
1293 669 1375 712 pro
1397 645 1714 713 ἓρυσάρματοι,

211 746 291 788 per
320 731 662 789 metaplasmum
698 731 901 773 Ionicum
941 729 1018 772 τοῦ
1048 742 1084 773 οι
1127 731 1177 774 in
1219 741 1273 777 ες.
1336 730 1408 774 Sic
1441 739 1483 774 et
1508 731 1715 775 Eustath.

212 806 266 848 ad
299 806 353 851 11.
377 822 424 864 p.
456 807 592 858 1064,
628 809 699 850 59.
764 806 847 850 Sed
886 821 973 849 esse
1011 814 1156 864 potest
1185 797 1488 864 spuo-cipum&
1533 806 1588 849 ab
1625 797 1721 862 ἐρυ-

212 874 403 942 σάρμας.
465 881 569 925 Vid.
602 881 749 940 Heyn.
781 880 1134 926 ad11.0.354.

272 1048 314 1076 v.
345 1034 446 1076 370.
511 1031 611 1089 Quo
638 1034 776 1091 magis
800 1033 999 1091 expediti
1020 1042 1240 1091 pugnent,
1269 1034 1324 1076 de
1346 1048 1482 1076 curru
1505 1031 1722 1075 desiliunt

213 1108 422 1151 Hercules
450 1116 494 1151 et
519 1108 716 1166 Cycnus,
747 1110 829 1152 ille
857 1109 1038 1167 quidem
1067 1109 1227 1160 etiam,
1256 1117 1306 1151 ut
1333 1109 1534 1160 videtur,
1564 1105 1722 1149 durrus

212 1185 282 1227 sui
320 1199 476 1236 onere,
532 1185 649 1242 quod
693 1185 891 1227 nimium
933 1196 1047 1237 erat,
1092 1185 1271 1228 levandi
1314 1185 1468 1242 gratia.
1531 1182 1722 1240 Aurigae

213 1268 363 1304 autem
399 1275 556 1302 currus
596 1260 782 1318 propius
821 1260 1085 1312 admovent,
1117 1275 1205 1318 quo
1234 1260 1397 1303 melius
1434 1259 1483 1302 in
1523 1267 1722 1316 tempore

211 1337 303 1379 suis
332 1335 492 1387 adsint.

273 1505 344 1532 vv.
375 1490 464 1533 374
488 1504 604 1547 seqq.
669 1484 722 1536 ὡς
753 1481 798 1533 δ’
837 1483 901 1533 ὅτ’
947 1482 1036 1546 ἀφ’
1070 1481 1238 1543 ὑψηλῆς
1274 1486 1464 1547 κορυφῆς
1505 1502 1546 1531 κ.
1582 1501 1626 1530 τ.
1655 1482 1719 1544 λ.]

214 1563 546 1624 Comparantur
583 1565 793 1608 Hercules
831 1573 876 1608 et
918 1565 1119 1623 Cycnu3‚
1163 1580 1324 1623 magno
1361 1566 1557 1608 clamore
1595 1564 1645 1607 in
1675 1578 1724 1613 ,se

214 1640 408 1684 invicem
439 1641 680 1692 irruentes,
699 1655 803 1683 cum
830 1639 1002 1683 duobus
1031 1640 1086 1683 de
1107 1640 1275 1683 montis
1300 1640 1530 1683 cacumine
1557 1639 1724 1683 volutis

212 1717 354 1770 saxis,
388 1716 591 1758 maximo
623 1731 726 1758 cum
761 1716 935 1774 impetu
968 1723 1012 1758 et
1040 1715 1212 1774 fragore
1237 1715 1286 1758 in
1313 1731 1357 1758 se
1385 1715 1580 1759 invicem
1609 1714 1722 1758 inci-

212 1791 442 1836 dentibus..
495 1790 720 1835 Similiter
768 1792 886 1850 apud
924 1791 1055 1836 Hom.
1091 1792 1146 1835 Il.
1183 1791 1238 1836 N.
1271 1793 1352 1835 137
1391 1795 1504 1849 seqq.
1538 1790 1721 1840 Hector,

213 1868 329 1926 apud
354 1867 519 1925 virgil.
548 1867 658 1912 Aen.
692 1867 792 1911 XII.
821 1869 909 1911 684
940 1868 1121 1911 Turnus
1151 1875 1436 1925 comparatur
1461 1882 1565 1910 cum
1590 1881 1720 1916 saxo,

212 1945 329 2003 quod
358 1943 412 1987 de
435 1943 602 1987 montis
629 1944 794 1987 vertice
820 1945 1028 1989 volutum
1051 1943 1182 1987 obvia
1205 1958 1399 2002 quaeque
1421 1943 1597 1987 sternit.
1637 1941 1722 1986 Sed

214 2022 287 2064 hie
317 2030 422 2065 sunt
450 2022 539 2065 duo
568 2037 670 2066 saxa
706 2022 792 2065 sibi
823 2022 1018 2065 invicem
1053 2023 1346 2067 occurrentia.
1411 2021 1535 2065 Infra
1571 2028 1720 2064 autem

215 2113 255 2141 v.
288 2098 370 2142 437
402 2107 466 2145 est
491 2114 673 2150 saxum,
702 2099 819 2155 quod
851 2115 872 2140 a
898 2099 1024 2156 rupis
1046 2099 1277 2142 cacumine
1303 2099 1510 2142 volutum
1540 2097 1722 2140 tandem

216 2177 261 2218 in
289 2177 451 2219 collem
481 2175 698 2235 impingit
726 2174 878 2232 ibique
904 2174 1092 2217 sistitur.
1156 2174 1324 2232 Operae
1359 2174 1556 2232 pretium
1583 2171 1722 2215 fuerit

212 2251 414 2295 conferre
444 2253 578 2296 etiam
614 2250 822 2299 Statium¹
840 2250 940 2296 VII.
968 2250 1108 2294 Theb.
1142 2251 1228 2294 744
1258 2266 1374 2308 seqq.

276 2419 316 2448 v.
340 2406 441 2447 377.
485 2395 667 2462 α’ίγειροὶ
688 2414 739 2445 τε
763 2394 1025 2461 τανύρῤιζοι]
1074 2401 1192 2446 Sunt
1219 2394 1398 2461 αἴγειροι
1423 2401 1592 2459 populi,
1610 2415 1720 2458 quae

213 2479 388 2523 arbores
418 2480 601 2538 proprie
629 2479 844 2522 dicuntur
883 2470 1148 2536 τανῦρῤιζοι,
1185 2477 1301 2534 quod
1335 2476 1502 2519 radices
1527 2490 1718 2533 quaqua·

213 2570 390 2599 versum
421 2555 673 2599 extendunt
709 2570 842 2612 quam
882 2554 1154 2613 longissime.
1221 2554 1336 2597 Male
1373 2560 1521 2596 autem
1561 2551 1719 2595 Latine

215 2631 270 2675 ab
297 2630 620 2689 Interpretibus
647 2629 875 2674 redditum
902 2637 966 2673 est
994 2629 1159 2671 radices
1187 2629 1299 2672 alcas
1322 2628 1548 2680 habentem
1579 2642 1718 2685 neque

214 2707 334 2751 enim
367 2706 412 2748 in
439 2704 718 2764 profundum
748 2713 941 2763 aguntur
972 2704 1052 2747 huo
1077 2704 1262 2756 radices,
1285 2703 1357 2747 sed
1380 2703 1427 2746 in
1452 2703 1618 2755 latum,
1640 2716 1717 2745 nec

217 2783 300 2826 nisi
329 2784 463 2842 paulo
498 2782 614 2827 infra
640 2782 916 2840 superficiem
949 2780 1136 2826 telluri&
