<?xml version="1.0" encoding="UTF-8"?>
<!DOCTYPE html PUBLIC "-//W3C//DTD XHTML 1.0 Transitional//EN"
    "http://www.w3.org/TR/xhtml1/DTD/xhtml1-transitional.dtd">
<html xmlns="http://www.w3.org/1999/xhtml" xml:lang="en" lang="en">
 <head>
  <title>
</title>
<meta http-equiv="Content-Type" content="text/html;charset=utf-8" />
  <meta name='ocr-system' content='tesseract 3.04.00' />
  <meta name='ocr-capabilities' content='ocr_page ocr_carea ocr_par ocr_line ocrx_word'/>
</head>
<body>
  <div class='ocr_page' id='page_1' title='image "./scutumherculisli00hesiuoft_0153.png"; bbox 0 0 1748 3224; ppageno 0'>
   <div class='ocr_carea' id='block_1_1' title="bbox 550 201 1522 253">
    <p class='ocr_par' dir='ltr' id='par_1_1' title="bbox 550 201 1522 253">
     <span class='ocr_line' id='line_1_1' title="bbox 550 201 1522 253; baseline 0.005 -5"><span class='ocrx_word' id='word_1_1' title='bbox 550 218 591 249; x_wconf 77' lang='lat' dir='ltr'>m</span> <span class='ocrx_word' id='word_1_2' title='bbox 624 219 788 250; x_wconf 73' lang='lat' dir='ltr'>nasiom</span> <span class='ocrx_word' id='word_1_3' title='bbox 818 218 996 250; x_wconf 76' lang='lat' dir='ltr'>sev‘rvu.</span> <span class='ocrx_word' id='word_1_4' title='bbox 1455 201 1522 253; x_wconf 81' lang='lat'>65</span> 
     </span>
    </p>
   </div>
   <div class='ocr_carea' id='block_1_2' title="bbox 18 320 1524 767">
    <p class='ocr_par' dir='ltr' id='par_1_2' title="bbox 18 320 1524 767">
     <span class='ocr_line' id='line_1_2' title="bbox 85 320 1521 392; baseline -0.001 -14"><span class='ocrx_word' id='word_1_5' title='bbox 85 349 127 378; x_wconf 83' lang='lat' dir='ltr'>v.</span> <span class='ocrx_word' id='word_1_6' title='bbox 149 334 249 377; x_wconf 85' lang='lat'>227.</span> <span class='ocrx_word' id='word_1_7' title='bbox 280 320 431 378; x_wconf 72' lang='grc' dir='ltr'>Ἄϊδος</span> <span class='ocrx_word' id='word_1_8' title='bbox 471 325 617 386; x_wconf 72' lang='grc' dir='ltr'>κυνέη,</span> <span class='ocrx_word' id='word_1_9' title='bbox 661 325 814 378; x_wconf 79' lang='grc' dir='ltr'>νυκτὸς</span> <span class='ocrx_word' id='word_1_10' title='bbox 853 325 988 389; x_wconf 73' lang='grc' dir='ltr'>ζόφον</span> <span class='ocrx_word' id='word_1_11' title='bbox 1024 325 1136 376; x_wconf 74' lang='grc' dir='ltr'>αἰνὸν</span> <span class='ocrx_word' id='word_1_12' title='bbox 1165 324 1373 392; x_wconf 71' lang='grc' dir='ltr'>ἔχουσα]</span> <span class='ocrx_word' id='word_1_13' title='bbox 1432 333 1521 377; x_wconf 81' lang='lat' dir='ltr'>Fa—</span> 
     </span>
     <span class='ocr_line' id='line_1_3' title="bbox 21 406 1520 465; baseline -0.001 -12"><span class='ocrx_word' id='word_1_14' title='bbox 21 409 164 454; x_wconf 78' lang='lat' dir='ltr'>ciebat</span> <span class='ocrx_word' id='word_1_15' title='bbox 201 408 264 451; x_wconf 78' lang='lat' dir='ltr'>sic</span> <span class='ocrx_word' id='word_1_16' title='bbox 300 423 369 459; x_wconf 84' lang='lat' dir='ltr'>ea,</span> <span class='ocrx_word' id='word_1_17' title='bbox 419 415 470 450; x_wconf 82' lang='lat' dir='ltr'>ut</span> <span class='ocrx_word' id='word_1_18' title='bbox 515 407 706 465; x_wconf 83' lang='lat' dir='ltr'>caligine</span> <span class='ocrx_word' id='word_1_19' title='bbox 747 414 888 450; x_wconf 88' lang='lat' dir='ltr'>tectus</span> <span class='ocrx_word' id='word_1_20' title='bbox 925 407 1102 451; x_wconf 84' lang='lat' dir='ltr'>Perseus</span> <span class='ocrx_word' id='word_1_21' title='bbox 1138 406 1287 451; x_wconf 83' lang='lat' dir='ltr'>visum</span> <span class='ocrx_word' id='word_1_22' title='bbox 1323 407 1520 451; x_wconf 82' lang='lat' dir='ltr'>aliorum</span> 
     </span>
     <span class='ocr_line' id='line_1_4' title="bbox 20 482 1521 542; baseline -0.001 -14"><span class='ocrx_word' id='word_1_23' title='bbox 20 483 214 528; x_wconf 81' lang='lat' dir='ltr'>falleret.</span> <span class='ocrx_word' id='word_1_24' title='bbox 278 482 410 528; x_wconf 87' lang='lat' dir='ltr'>Conf.</span> <span class='ocrx_word' id='word_1_25' title='bbox 434 483 644 541; x_wconf 86' lang='lat' dir='ltr'>Apollod.</span> <span class='ocrx_word' id='word_1_26' title='bbox 671 482 716 525; x_wconf 89' lang='lat' dir='ltr'>d.</span> <span class='ocrx_word' id='word_1_27' title='bbox 739 483 894 539; x_wconf 88' lang='lat' dir='ltr'>1.,qui</span> <span class='ocrx_word' id='word_1_28' title='bbox 920 491 965 526; x_wconf 86' lang='lat' dir='ltr'>et</span> <span class='ocrx_word' id='word_1_29' title='bbox 992 483 1163 541; x_wconf 86' lang='lat' dir='ltr'>galeam</span> <span class='ocrx_word' id='word_1_30' title='bbox 1191 483 1307 527; x_wconf 82' lang='lat' dir='ltr'>hanc</span> <span class='ocrx_word' id='word_1_31' title='bbox 1333 483 1521 542; x_wconf 78' lang='lat' dir='ltr'>aNym·</span> 
     </span>
     <span class='ocr_line' id='line_1_5' title="bbox 18 557 1521 621; baseline 0 -18"><span class='ocrx_word' id='word_1_32' title='bbox 18 560 124 621; x_wconf 80' lang='lat' dir='ltr'>phis</span> <span class='ocrx_word' id='word_1_33' title='bbox 161 574 264 602; x_wconf 88' lang='lat' dir='ltr'>eum</span> <span class='ocrx_word' id='word_1_34' title='bbox 301 559 508 616; x_wconf 84' lang='lat' dir='ltr'>accepisse</span> <span class='ocrx_word' id='word_1_35' title='bbox 548 557 710 608; x_wconf 80' lang='lat' dir='ltr'><strong>tradit,</strong></span> <span class='ocrx_word' id='word_1_36' title='bbox 754 558 802 600; x_wconf 91' lang='lat' dir='ltr'>in</span> <span class='ocrx_word' id='word_1_37' title='bbox 838 573 889 600; x_wconf 86' lang='lat' dir='ltr'>eo</span> <span class='ocrx_word' id='word_1_38' title='bbox 924 573 1100 616; x_wconf 89' lang='lat' dir='ltr'>quoque</span> <span class='ocrx_word' id='word_1_39' title='bbox 1132 566 1339 615; x_wconf 87' lang='lat' dir='ltr'>sequente</span> <span class='ocrx_word' id='word_1_40' title='bbox 1369 558 1521 617; x_wconf 75' lang='lat' dir='ltr'>ipsum</span> 
     </span>
     <span class='ocr_line' id='line_1_6' title="bbox 19 619 1524 682; baseline 0 -3"><span class='ocrx_word' id='word_1_41' title='bbox 19 634 276 681; x_wconf 87' lang='lat' dir='ltr'>Eudocial.</span> <span class='ocrx_word' id='word_1_42' title='bbox 307 650 345 677; x_wconf 89' lang='lat' dir='ltr'>c.</span> <span class='ocrx_word' id='word_1_43' title='bbox 407 633 627 682; x_wconf 75' lang='lat' dir='ltr'><strong>Memorat</strong></span> <span class='ocrx_word' id='word_1_44' title='bbox 665 632 801 674; x_wconf 87' lang='lat' dir='ltr'>etiam</span> <span class='ocrx_word' id='word_1_45' title='bbox 840 631 1058 675; x_wconf 88' lang='lat' dir='ltr'>Homerus</span> <span class='ocrx_word' id='word_1_46' title='bbox 1091 619 1146 676; x_wconf 87' lang='lat' dir='ltr'>Il.</span> <span class='ocrx_word' id='word_1_47' title='bbox 1178 634 1230 678; x_wconf 91' lang='lat' dir='ltr'>E.</span> <span class='ocrx_word' id='word_1_48' title='bbox 1258 634 1345 677; x_wconf 86' lang='lat'>845</span> <span class='ocrx_word' id='word_1_49' title='bbox 1370 621 1524 681; x_wconf 66' lang='grc' dir='ltr'>’Ἄϊδος</span> 
     </span>
     <span class='ocr_line' id='line_1_7' title="bbox 18 703 1517 767; baseline -0.001 -13"><span class='ocrx_word' id='word_1_50' title='bbox 18 703 163 762; x_wconf 79' lang='grc' dir='ltr'><em>κυνέην</em></span> <span class='ocrx_word' id='word_1_51' title='bbox 199 709 342 753; x_wconf 87' lang='lat' dir='ltr'><strong>simili</strong></span> <span class='ocrx_word' id='word_1_52' title='bbox 380 707 548 750; x_wconf 82' lang='lat' dir='ltr'>effectu.</span> <span class='ocrx_word' id='word_1_53' title='bbox 612 706 784 750; x_wconf 87' lang='lat' dir='ltr'>Nomen</span> <span class='ocrx_word' id='word_1_54' title='bbox 818 715 968 749; x_wconf 82' lang='lat' dir='ltr'>autem</span> <span class='ocrx_word' id='word_1_55' title='bbox 999 707 1042 750; x_wconf 89' lang='lat' dir='ltr'>ei</span> <span class='ocrx_word' id='word_1_56' title='bbox 1072 707 1128 750; x_wconf 80' lang='lat' dir='ltr'>ab</span> <span class='ocrx_word' id='word_1_57' title='bbox 1158 723 1208 751; x_wconf 89' lang='lat' dir='ltr'>re</span> <span class='ocrx_word' id='word_1_58' title='bbox 1237 708 1517 767; x_wconf 81' lang='lat' dir='ltr'>impositum.</span> 
     </span>
    </p>
   </div>
   <div class='ocr_carea' id='block_1_3' title="bbox 17 773 1153 843">
    <p class='ocr_par' dir='ltr' id='par_1_3' title="bbox 17 773 1153 843">
     <span class='ocr_line' id='line_1_8' title="bbox 17 773 1153 843; baseline -0.005 -13"><span class='ocrx_word' id='word_1_59' title='bbox 17 786 217 843; x_wconf 81' lang='lat' dir='ltr'><strong>Namque</strong></span> <span class='ocrx_word' id='word_1_60' title='bbox 247 791 311 827; x_wconf 85' lang='lat' dir='ltr'>est</span> <span class='ocrx_word' id='word_1_61' title='bbox 341 775 432 836; x_wconf 75' lang='grc' dir='ltr'>ἒίῖς,</span> <span class='ocrx_word' id='word_1_62' title='bbox 463 773 606 834; x_wconf 72' lang='grc' dir='ltr'>ὶῖιδος,</span> <span class='ocrx_word' id='word_1_63' title='bbox 639 781 676 823; x_wconf 88' lang='lat' dir='ltr'>is</span> <span class='ocrx_word' id='word_1_64' title='bbox 705 781 785 839; x_wconf 89' lang='lat' dir='ltr'>qui</span> <span class='ocrx_word' id='word_1_65' title='bbox 816 796 906 824; x_wconf 87' lang='lat' dir='ltr'>non</span> <span class='ocrx_word' id='word_1_66' title='bbox 936 782 1153 825; x_wconf 88' lang='lat' dir='ltr'>cernitur.</span> 
     </span>
    </p>
   </div>
   <div class='ocr_carea' id='block_1_4' title="bbox 14 924 1520 1219">
    <p class='ocr_par' dir='ltr' id='par_1_4' title="bbox 14 924 1520 1219">
     <span class='ocr_line' id='line_1_9' title="bbox 24 924 1520 995; baseline -0.001 -15"><span class='ocrx_word' id='word_1_67' title='bbox 24 962 25 965; x_wconf 63' lang='lat'><em>=</em></span> <span class='ocrx_word' id='word_1_68' title='bbox 77 950 120 980; x_wconf 81' lang='lat' dir='ltr'>v.</span> <span class='ocrx_word' id='word_1_69' title='bbox 144 935 245 978; x_wconf 88' lang='lat'>228.</span> <span class='ocrx_word' id='word_1_70' title='bbox 289 924 521 992; x_wconf 73' lang='grc' dir='ltr'>ἒβρίγοντι,</span> <span class='ocrx_word' id='word_1_71' title='bbox 561 940 746 993; x_wconf 82' lang='lat' dir='ltr'>propter</span> <span class='ocrx_word' id='word_1_72' title='bbox 775 940 949 976; x_wconf 89' lang='lat' dir='ltr'>metum</span> <span class='ocrx_word' id='word_1_73' title='bbox 983 934 1315 991; x_wconf 76' lang='lat' dir='ltr'>insequentium</span> <span class='ocrx_word' id='word_1_74' title='bbox 1349 935 1520 995; x_wconf 73' lang='lat' dir='ltr'>Gorgo-</span> 
     </span>
     <span class='ocr_line' id='line_1_10' title="bbox 16 1002 1519 1069; baseline 0.001 -17"><span class='ocrx_word' id='word_1_75' title='bbox 16 1025 144 1056; x_wconf 77' lang='lat' dir='ltr'>num.</span> <span class='ocrx_word' id='word_1_76' title='bbox 206 1010 247 1053; x_wconf 83' lang='lat' dir='ltr'>A</span> <span class='ocrx_word' id='word_1_77' title='bbox 275 1002 407 1068; x_wconf 72' lang='grc' dir='ltr'><em>ῥῖγω,</em></span> <span class='ocrx_word' id='word_1_78' title='bbox 443 1024 528 1067; x_wconf 87' lang='lat' dir='ltr'>pro</span> <span class='ocrx_word' id='word_1_79' title='bbox 564 1024 651 1066; x_wconf 91' lang='lat' dir='ltr'>quo</span> <span class='ocrx_word' id='word_1_80' title='bbox 685 1007 998 1066; x_wconf 81' lang='lat' dir='ltr'>frequentatur</span> <span class='ocrx_word' id='word_1_81' title='bbox 1025 1002 1175 1068; x_wconf 69' lang='grc' dir='ltr'>ρἰγέω,</span> <span class='ocrx_word' id='word_1_82' title='bbox 1206 1009 1380 1062; x_wconf 79' lang='lat' dir='ltr'>horreo,</span> <span class='ocrx_word' id='word_1_83' title='bbox 1400 1009 1519 1069; x_wconf 83' lang='lat' dir='ltr'>perf.</span> 
     </span>
     <span class='ocr_line' id='line_1_11' title="bbox 15 1077 1516 1143; baseline 0.001 -15"><span class='ocrx_word' id='word_1_84' title='bbox 15 1086 133 1128; x_wconf 89' lang='lat' dir='ltr'>med.</span> <span class='ocrx_word' id='word_1_85' title='bbox 179 1092 243 1128; x_wconf 84' lang='lat' dir='ltr'>est</span> <span class='ocrx_word' id='word_1_86' title='bbox 285 1077 436 1143; x_wconf 72' lang='grc' dir='ltr'>’ἐρ’ριγα</span> <span class='ocrx_word' id='word_1_87' title='bbox 481 1084 592 1129; x_wconf 87' lang='lat' dir='ltr'>(vid.</span> <span class='ocrx_word' id='word_1_88' title='bbox 635 1084 690 1128; x_wconf 92' lang='lat' dir='ltr'>Il.</span> <span class='ocrx_word' id='word_1_89' title='bbox 722 1085 768 1128; x_wconf 89' lang='lat' dir='ltr'>P.</span> <span class='ocrx_word' id='word_1_90' title='bbox 805 1082 931 1142; x_wconf 86' lang='lat'>175).</span> <span class='ocrx_word' id='word_1_91' title='bbox 979 1085 1097 1129; x_wconf 87' lang='lat' dir='ltr'>unde</span> <span class='ocrx_word' id='word_1_92' title='bbox 1126 1101 1297 1129; x_wconf 87' lang='lat' dir='ltr'>novum</span> <span class='ocrx_word' id='word_1_93' title='bbox 1330 1085 1516 1129; x_wconf 84' lang='lat' dir='ltr'>verbum</span> 
     </span>
     <span class='ocr_line' id='line_1_12' title="bbox 14 1150 1456 1219; baseline -0.001 -14"><span class='ocrx_word' id='word_1_94' title='bbox 14 1160 154 1205; x_wconf 75' lang='lat' dir='ltr'>fluxit</span> <span class='ocrx_word' id='word_1_95' title='bbox 183 1151 360 1219; x_wconf 73' lang='grc' dir='ltr'><em>ἒβρίγω,</em></span> <span class='ocrx_word' id='word_1_96' title='bbox 390 1161 518 1204; x_wconf 88' lang='lat' dir='ltr'>cuius</span> <span class='ocrx_word' id='word_1_97' title='bbox 549 1159 706 1218; x_wconf 88' lang='lat' dir='ltr'>partic.</span> <span class='ocrx_word' id='word_1_98' title='bbox 738 1150 923 1219; x_wconf 66' lang='grc' dir='ltr'>ἐρ’ρἰων.</span> <span class='ocrx_word' id='word_1_99' title='bbox 979 1158 1113 1204; x_wconf 86' lang='lat' dir='ltr'>Conf.</span> <span class='ocrx_word' id='word_1_100' title='bbox 1146 1159 1232 1204; x_wconf 89' lang='lat' dir='ltr'>od.</span> <span class='ocrx_word' id='word_1_101' title='bbox 1264 1160 1456 1205; x_wconf 56' lang='lat'>³1¹..216‚</span> 
     </span>
    </p>
   </div>
   <div class='ocr_carea' id='block_1_5' title="bbox 11 1304 1519 1597">
    <p class='ocr_par' dir='ltr' id='par_1_5' title="bbox 11 1304 1519 1445">
     <span class='ocr_line' id='line_1_13' title="bbox 19 1304 1519 1371; baseline 0 -15"><span class='ocrx_word' id='word_1_102' title='bbox 19 1354 22 1361; x_wconf 82' lang='grc'>,</span> <span class='ocrx_word' id='word_1_103' title='bbox 73 1328 116 1356; x_wconf 87' lang='lat' dir='ltr'>v.</span> <span class='ocrx_word' id='word_1_104' title='bbox 138 1313 239 1356; x_wconf 85' lang='grc'><strong>229.</strong></span> <span class='ocrx_word' id='word_1_105' title='bbox 284 1304 522 1371; x_wconf 69' lang='grc' dir='ltr'>Δαναΐδης]</span> <span class='ocrx_word' id='word_1_106' title='bbox 582 1313 648 1356; x_wconf 90' lang='lat' dir='ltr'>De</span> <span class='ocrx_word' id='word_1_107' title='bbox 678 1312 827 1370; x_wconf 84' lang='lat' dir='ltr'>prima</span> <span class='ocrx_word' id='word_1_108' title='bbox 859 1311 931 1354; x_wconf 78' lang='lat' dir='ltr'>hic</span> <span class='ocrx_word' id='word_1_109' title='bbox 951 1311 999 1354; x_wconf 87' lang='lat' dir='ltr'>in</span> <span class='ocrx_word' id='word_1_110' title='bbox 1020 1311 1166 1355; x_wconf 86' lang='lat' dir='ltr'>tribus</span> <span class='ocrx_word' id='word_1_111' title='bbox 1185 1311 1394 1356; x_wconf 84' lang='lat' dir='ltr'>brevibus</span> <span class='ocrx_word' id='word_1_112' title='bbox 1414 1329 1519 1371; x_wconf 76' lang='lat' dir='ltr'>pro·</span> 
     </span>
     <span class='ocr_line' id='line_1_14' title="bbox 11 1386 1144 1445; baseline -0.001 -13"><span class='ocrx_word' id='word_1_113' title='bbox 11 1388 143 1432; x_wconf 86' lang='lat' dir='ltr'>ducta</span> <span class='ocrx_word' id='word_1_114' title='bbox 173 1387 294 1432; x_wconf 86' lang='lat' dir='ltr'>conf.</span> <span class='ocrx_word' id='word_1_115' title='bbox 327 1386 548 1445; x_wconf 86' lang='lat' dir='ltr'>Spitzner.</span> <span class='ocrx_word' id='word_1_116' title='bbox 581 1386 636 1429; x_wconf 86' lang='lat' dir='ltr'>de</span> <span class='ocrx_word' id='word_1_117' title='bbox 666 1401 796 1430; x_wconf 85' lang='lat' dir='ltr'>versu</span> <span class='ocrx_word' id='word_1_118' title='bbox 826 1387 957 1430; x_wconf 88' lang='lat' dir='ltr'>Hom.</span> <span class='ocrx_word' id='word_1_119' title='bbox 991 1402 1037 1444; x_wconf 89' lang='lat' dir='ltr'>p.</span> <span class='ocrx_word' id='word_1_120' title='bbox 1073 1388 1144 1431; x_wconf 90' lang='grc'>73.</span> 
     </span>
    </p>

    <p class='ocr_par' dir='ltr' id='par_1_6' title="bbox 11 1454 1517 1597">
     <span class='ocr_line' id='line_1_15' title="bbox 77 1454 1517 1519; baseline 0.001 -14"><span class='ocrx_word' id='word_1_121' title='bbox 77 1454 338 1518; x_wconf 75' lang='grc' dir='ltr'>ἐτιταίνετο,</span> <span class='ocrx_word' id='word_1_122' title='bbox 383 1478 428 1504; x_wconf 79' lang='lat' dir='ltr'>se</span> <span class='ocrx_word' id='word_1_123' title='bbox 470 1461 723 1508; x_wconf 79' lang='lat' dir='ltr'>extendebat</span> <span class='ocrx_word' id='word_1_124' title='bbox 766 1461 971 1513; x_wconf 81' lang='lat' dir='ltr'>volando,</span> <span class='ocrx_word' id='word_1_125' title='bbox 1017 1469 1069 1504; x_wconf 87' lang='lat' dir='ltr'>ut</span> <span class='ocrx_word' id='word_1_126' title='bbox 1112 1469 1176 1505; x_wconf 90' lang='lat' dir='ltr'>est</span> <span class='ocrx_word' id='word_1_127' title='bbox 1227 1457 1517 1519; x_wconf 72' lang='grc' dir='ltr'>τιταινόμενος</span> 
     </span>
     <span class='ocr_line' id='line_1_16' title="bbox 11 1535 1512 1597; baseline -0.001 -14"><span class='ocrx_word' id='word_1_128' title='bbox 11 1540 66 1584; x_wconf 88' lang='lat' dir='ltr'>de</span> <span class='ocrx_word' id='word_1_129' title='bbox 105 1555 216 1597; x_wconf 92' lang='lat' dir='ltr'>equo</span> <span class='ocrx_word' id='word_1_130' title='bbox 254 1538 441 1582; x_wconf 83' lang='lat' dir='ltr'>celerius</span> <span class='ocrx_word' id='word_1_131' title='bbox 477 1544 685 1579; x_wconf 79' lang='lat' dir='ltr'>currente</span> <span class='ocrx_word' id='word_1_132' title='bbox 723 1537 778 1580; x_wconf 90' lang='lat'>11.</span> <span class='ocrx_word' id='word_1_133' title='bbox 813 1537 869 1581; x_wconf 90' lang='lat' dir='ltr'>X.</span> <span class='ocrx_word' id='word_1_134' title='bbox 910 1539 982 1580; x_wconf 88' lang='lat'>23.</span> <span class='ocrx_word' id='word_1_135' title='bbox 1046 1535 1179 1580; x_wconf 88' lang='lat' dir='ltr'>Conf.</span> <span class='ocrx_word' id='word_1_136' title='bbox 1222 1546 1266 1580; x_wconf 87' lang='lat' dir='ltr'>et</span> <span class='ocrx_word' id='word_1_137' title='bbox 1299 1538 1512 1596; x_wconf 71' lang='lat' dir='ltr'>Apollon-</span> 
     </span>
    </p>
   </div>
   <div class='ocr_carea' id='block_1_6' title="bbox 11 1616 331 1660">
    <p class='ocr_par' dir='ltr' id='par_1_7' title="bbox 11 1616 331 1660">
     <span class='ocr_line' id='line_1_17' title="bbox 11 1616 331 1660; baseline -0.006 0"><span class='ocrx_word' id='word_1_138' title='bbox 11 1616 102 1660; x_wconf 86' lang='lat' dir='ltr'>Rh.</span> <span class='ocrx_word' id='word_1_139' title='bbox 134 1616 193 1659; x_wconf 90' lang='lat'>11.</span> <span class='ocrx_word' id='word_1_140' title='bbox 230 1616 331 1659; x_wconf 84' lang='lat'>280.</span> 
     </span>
    </p>
   </div>
   <div class='ocr_carea' id='block_1_7' title="bbox 0 1757 1514 2352">
    <p class='ocr_par' dir='ltr' id='par_1_8' title="bbox 0 1757 1514 2352">
     <span class='ocr_line' id='line_1_18' title="bbox 69 1757 1513 1825; baseline 0 -15"><span class='ocrx_word' id='word_1_141' title='bbox 69 1780 134 1810; x_wconf 84' lang='lat' dir='ltr'>vs.</span> <span class='ocrx_word' id='word_1_142' title='bbox 154 1766 256 1810; x_wconf 85' lang='lat'>230.</span> <span class='ocrx_word' id='word_1_143' title='bbox 298 1757 526 1825; x_wconf 73' lang='grc' dir='ltr'>Γοργόνες]</span> <span class='ocrx_word' id='word_1_144' title='bbox 593 1765 626 1808; x_wconf 93' lang='grc' dir='ltr'><strong>Γ</strong></span> <span class='ocrx_word' id='word_1_145' title='bbox 630 1758 765 1823; x_wconf 72' lang='grc' dir='ltr'>οργέον</span> <span class='ocrx_word' id='word_1_146' title='bbox 807 1780 898 1808; x_wconf 86' lang='lat' dir='ltr'>non</span> <span class='ocrx_word' id='word_1_147' title='bbox 945 1765 1091 1808; x_wconf 86' lang='lat' dir='ltr'>dicere</span> <span class='ocrx_word' id='word_1_148' title='bbox 1129 1764 1394 1817; x_wconf 81' lang='lat' dir='ltr'>Hesiodum,</span> <span class='ocrx_word' id='word_1_149' title='bbox 1439 1767 1513 1810; x_wconf 86' lang='lat' dir='ltr'>sed</span> 
     </span>
     <span class='ocr_line' id='line_1_19' title="bbox 11 1834 1514 1901; baseline -0.001 -16"><span class='ocrx_word' id='word_1_150' title='bbox 11 1834 188 1901; x_wconf 75' lang='grc' dir='ltr'>Γοργώ,</span> <span class='ocrx_word' id='word_1_151' title='bbox 223 1841 414 1884; x_wconf 79' lang='lat' dir='ltr'>affirmat</span> <span class='ocrx_word' id='word_1_152' title='bbox 445 1840 690 1884; x_wconf 80' lang='lat' dir='ltr'>Scholiasta</span> <span class='ocrx_word' id='word_1_153' title='bbox 720 1841 833 1884; x_wconf 90' lang='lat' dir='ltr'>Ven.</span> <span class='ocrx_word' id='word_1_154' title='bbox 865 1841 919 1883; x_wconf 85' lang='lat' dir='ltr'>ad</span> <span class='ocrx_word' id='word_1_155' title='bbox 942 1841 996 1883; x_wconf 89' lang='lat'>11.</span> <span class='ocrx_word' id='word_1_156' title='bbox 1031 1840 1088 1883; x_wconf 91' lang='grc' dir='ltr'>Θ.</span> <span class='ocrx_word' id='word_1_157' title='bbox 1122 1842 1230 1892; x_wconf 82' lang='lat'><strong>349,</strong></span> <span class='ocrx_word' id='word_1_158' title='bbox 1263 1840 1356 1884; x_wconf 84' lang='lat' dir='ltr'>sive</span> <span class='ocrx_word' id='word_1_159' title='bbox 1379 1841 1514 1886; x_wconf 73' lang='lat' dir='ltr'>hujus</span> 
     </span>
     <span class='ocr_line' id='line_1_20' title="bbox 10 1915 1513 1975; baseline -0.002 -13"><span class='ocrx_word' id='word_1_160' title='bbox 10 1918 99 1964; x_wconf 89' lang='lat' dir='ltr'>loci</span> <span class='ocrx_word' id='word_1_161' title='bbox 129 1917 392 1968; x_wconf 84' lang='lat' dir='ltr'>immemor,</span> <span class='ocrx_word' id='word_1_162' title='bbox 421 1918 514 1960; x_wconf 88' lang='lat' dir='ltr'>sive</span> <span class='ocrx_word' id='word_1_163' title='bbox 542 1916 800 1960; x_wconf 85' lang='lat' dir='ltr'>abiudicans</span> <span class='ocrx_word' id='word_1_164' title='bbox 829 1917 912 1959; x_wconf 90' lang='lat' dir='ltr'>hoc</span> <span class='ocrx_word' id='word_1_165' title='bbox 939 1918 1098 1975; x_wconf 77' lang='lat' dir='ltr'>po‘effla</span> <span class='ocrx_word' id='word_1_166' title='bbox 1129 1916 1332 1959; x_wconf 88' lang='lat' dir='ltr'>Hesiodo.</span> <span class='ocrx_word' id='word_1_167' title='bbox 1383 1915 1513 1960; x_wconf 78' lang='lat' dir='ltr'>Certe</span> 
     </span>
     <span class='ocr_line' id='line_1_21' title="bbox 11 1983 1510 2051; baseline -0.003 -14"><span class='ocrx_word' id='word_1_168' title='bbox 11 1994 150 2038; x_wconf 80' lang='lat' dir='ltr'>serius</span> <span class='ocrx_word' id='word_1_169' title='bbox 193 1993 333 2051; x_wconf 85' lang='lat' dir='ltr'>magis</span> <span class='ocrx_word' id='word_1_170' title='bbox 376 1992 574 2035; x_wconf 87' lang='lat' dir='ltr'>invaluit</span> <span class='ocrx_word' id='word_1_171' title='bbox 611 1992 644 2034; x_wconf 89' lang='grc' dir='ltr'><strong>Γ</strong></span> <span class='ocrx_word' id='word_1_172' title='bbox 648 1983 781 2049; x_wconf 77' lang='grc' dir='ltr'>οργῶν</span> <span class='ocrx_word' id='word_1_173' title='bbox 792 2021 806 2045; x_wconf 89' lang='grc'><strong>,</strong></span> <span class='ocrx_word' id='word_1_174' title='bbox 836 1984 952 2046; x_wconf 78' lang='grc' dir='ltr'>ὄνος,</span> <span class='ocrx_word' id='word_1_175' title='bbox 981 1999 1129 2048; x_wconf 86' lang='lat' dir='ltr'>estque</span> <span class='ocrx_word' id='word_1_176' title='bbox 1158 1990 1364 2048; x_wconf 82' lang='lat' dir='ltr'>frequens</span> <span class='ocrx_word' id='word_1_177' title='bbox 1393 1992 1510 2050; x_wconf 78' lang='lat' dir='ltr'>apud</span> 
     </span>
     <span class='ocr_line' id='line_1_22' title="bbox 11 2067 1508 2127; baseline -0.001 -16"><span class='ocrx_word' id='word_1_178' title='bbox 11 2068 299 2127; x_wconf 86' lang='lat' dir='ltr'>Euripidem,</span> <span class='ocrx_word' id='word_1_179' title='bbox 328 2082 463 2125; x_wconf 89' lang='lat' dir='ltr'>quem</span> <span class='ocrx_word' id='word_1_180' title='bbox 493 2067 594 2111; x_wconf 85' lang='lat' dir='ltr'>vide</span> <span class='ocrx_word' id='word_1_181' title='bbox 627 2082 665 2112; x_wconf 90' lang='lat' dir='ltr'>e.</span> <span class='ocrx_word' id='word_1_182' title='bbox 699 2083 741 2125; x_wconf 88' lang='lat' dir='ltr'>g.</span> <span class='ocrx_word' id='word_1_183' title='bbox 783 2067 832 2109; x_wconf 88' lang='lat' dir='ltr'>in</span> <span class='ocrx_word' id='word_1_184' title='bbox 866 2067 1030 2110; x_wconf 84' lang='lat' dir='ltr'>Phoen.</span> <span class='ocrx_word' id='word_1_185' title='bbox 1066 2082 1107 2110; x_wconf 73' lang='grc' dir='ltr'>ν.</span> <span class='ocrx_word' id='word_1_186' title='bbox 1138 2069 1223 2110; x_wconf 84' lang='grc'>459</span> <span class='ocrx_word' id='word_1_187' title='bbox 1254 2067 1379 2109; x_wconf 79' lang='lat' dir='ltr'>etad</span> <span class='ocrx_word' id='word_1_188' title='bbox 1407 2069 1508 2110; x_wconf 83' lang='lat' dir='ltr'>eum&#39;</span> 
     </span>
     <span class='ocr_line' id='line_1_23' title="bbox 0 2142 1061 2201; baseline -0.003 -12"><span class='ocrx_word' id='word_1_189' title='bbox 0 2145 244 2195; x_wconf 67' lang='lat' dir='ltr'>-Valckem,</span> <span class='ocrx_word' id='word_1_190' title='bbox 275 2143 532 2201; x_wconf 82' lang='lat' dir='ltr'>placuitque</span> <span class='ocrx_word' id='word_1_191' title='bbox 561 2142 706 2185; x_wconf 88' lang='lat' dir='ltr'>forma</span> <span class='ocrx_word' id='word_1_192' title='bbox 739 2143 844 2186; x_wconf 83' lang='lat' dir='ltr'>haec</span> <span class='ocrx_word' id='word_1_193' title='bbox 872 2142 1061 2186; x_wconf 81' lang='lat' dir='ltr'>Latinis.</span> 
     </span>
     <span class='ocr_line' id='line_1_24' title="bbox 4 2210 1510 2277; baseline 0 -16"><span class='ocrx_word' id='word_1_194' title='bbox 4 2248 20 2267; x_wconf 80' lang='grc'>,-</span> <span class='ocrx_word' id='word_1_195' title='bbox 77 2215 124 2261; x_wconf 80' lang='grc' dir='ltr'>οὐ</span> <span class='ocrx_word' id='word_1_196' title='bbox 155 2210 328 2277; x_wconf 72' lang='grc' dir='ltr'>φαταὶ]</span> <span class='ocrx_word' id='word_1_197' title='bbox 391 2218 600 2261; x_wconf 87' lang='lat' dir='ltr'>Hesiodea</span> <span class='ocrx_word' id='word_1_198' title='bbox 644 2218 857 2261; x_wconf 77' lang='lat' dir='ltr'>vocabula</span> <span class='ocrx_word' id='word_1_199' title='bbox 894 2226 1000 2260; x_wconf 89' lang='lat' dir='ltr'>sunt</span> <span class='ocrx_word' id='word_1_200' title='bbox 1037 2210 1185 2272; x_wconf 77' lang='grc' dir='ltr'>Φατὸς</span> <span class='ocrx_word' id='word_1_201' title='bbox 1227 2225 1270 2260; x_wconf 87' lang='lat' dir='ltr'>et</span> <span class='ocrx_word' id='word_1_202' title='bbox 1314 2211 1510 2275; x_wconf 68' lang='grc' dir='ltr'>φατειός.</span> 
     </span>
     <span class='ocr_line' id='line_1_25' title="bbox 3 2282 1252 2352; baseline -0.002 -13"><span class='ocrx_word' id='word_1_203' title='bbox 3 2295 115 2339; x_wconf 80' lang='lat' dir='ltr'>Vid.</span> <span class='ocrx_word' id='word_1_204' title='bbox 150 2295 238 2339; x_wconf 87' lang='lat' dir='ltr'>Th.</span> <span class='ocrx_word' id='word_1_205' title='bbox 271 2295 371 2346; x_wconf 88' lang='grc'><strong>310,</strong></span> <span class='ocrx_word' id='word_1_206' title='bbox 398 2282 524 2352; x_wconf 77' lang='grc' dir='ltr'>Ἕργ.</span> <span class='ocrx_word' id='word_1_207' title='bbox 557 2295 599 2338; x_wconf 88' lang='grc'>3.</span> <span class='ocrx_word' id='word_1_208' title='bbox 655 2295 715 2337; x_wconf 79' lang='lat' dir='ltr'>At</span> <span class='ocrx_word' id='word_1_209' title='bbox 744 2309 836 2336; x_wconf 89' lang='lat' dir='ltr'>non</span> <span class='ocrx_word' id='word_1_210' title='bbox 867 2300 972 2335; x_wconf 87' lang='lat' dir='ltr'>sunt</span> <span class='ocrx_word' id='word_1_211' title='bbox 1001 2292 1252 2337; x_wconf 87' lang='lat' dir='ltr'>Homerica.</span> 
     </span>
    </p>
   </div>
   <div class='ocr_carea' id='block_1_8' title="bbox 69 2434 1510 2504">
    <p class='ocr_par' dir='ltr' id='par_1_9' title="bbox 69 2434 1510 2504">
     <span class='ocr_line' id='line_1_26' title="bbox 69 2434 1510 2504; baseline -0.002 -12"><span class='ocrx_word' id='word_1_212' title='bbox 69 2464 111 2492; x_wconf 78' lang='lat' dir='ltr'>v.</span> <span class='ocrx_word' id='word_1_213' title='bbox 137 2449 218 2491; x_wconf 83' lang='lat'>231</span> <span class='ocrx_word' id='word_1_214' title='bbox 250 2462 337 2504; x_wconf 88' lang='lat' dir='ltr'>seq.</span> <span class='ocrx_word' id='word_1_215' title='bbox 379 2438 455 2488; x_wconf 72' lang='grc' dir='ltr'>ἔπι</span> <span class='ocrx_word' id='word_1_216' title='bbox 491 2437 536 2488; x_wconf 67' lang='grc' dir='ltr'><strong>δί</strong></span> <span class='ocrx_word' id='word_1_217' title='bbox 570 2443 744 2503; x_wconf 81' lang='grc' dir='ltr'><em>χλωροῦ</em></span> <span class='ocrx_word' id='word_1_218' title='bbox 780 2434 1039 2499; x_wconf 74' lang='grc' dir='ltr'>αδάμαντος</span> <span class='ocrx_word' id='word_1_219' title='bbox 1083 2459 1126 2488; x_wconf 82' lang='grc' dir='ltr'>κ.</span> <span class='ocrx_word' id='word_1_220' title='bbox 1162 2459 1205 2488; x_wconf 87' lang='grc' dir='ltr'>τ.</span> <span class='ocrx_word' id='word_1_221' title='bbox 1238 2440 1299 2502; x_wconf 84' lang='grc' dir='ltr'>λ]</span> <span class='ocrx_word' id='word_1_222' title='bbox 1361 2447 1510 2489; x_wconf 78' lang='lat' dir='ltr'>Nexus</span> 
     </span>
    </p>
   </div>
   <div class='ocr_carea' id='block_1_9' title="bbox 0 2511 1510 2580">
    <p class='ocr_par' dir='ltr' id='par_1_10' title="bbox 0 2511 1510 2580">
     <span class='ocr_line' id='line_1_27' title="bbox 0 2511 1510 2580; baseline -0.003 -13.973"><span class='ocrx_word' id='word_1_223' title='bbox 0 2531 94 2566; x_wconf 81' lang='lat' dir='ltr'>est:</span> <span class='ocrx_word' id='word_1_224' title='bbox 150 2536 227 2566; x_wconf 76' lang='grc' dir='ltr'>και</span> <span class='ocrx_word' id='word_1_225' title='bbox 279 2514 420 2569; x_wconf 73' lang='grc' dir='ltr'>σάκος</span> <span class='ocrx_word' id='word_1_226' title='bbox 478 2515 675 2580; x_wconf 71' lang='grc' dir='ltr'>ἰάχεσκε</span> <span class='ocrx_word' id='word_1_227' title='bbox 733 2511 928 2578; x_wconf 75' lang='grc' dir='ltr'><em>μεγάλῳ</em></span> <span class='ocrx_word' id='word_1_228' title='bbox 974 2512 1213 2579; x_wconf 74' lang='grc' dir='ltr'>ὀρυμαγδῷ</span> <span class='ocrx_word' id='word_1_229' title='bbox 1246 2513 1510 2577; x_wconf 80' lang='grc' dir='ltr'>βαινουσέων</span> 
     </span>
    </p>
   </div>
   <div class='ocr_carea' id='block_1_10' title="bbox 0 2581 1510 2732">
    <p class='ocr_par' dir='ltr' id='par_1_11' title="bbox 0 2581 1510 2732">
     <span class='ocr_line' id='line_1_28' title="bbox 0 2581 1510 2663; baseline -0.004 -22"><span class='ocrx_word' id='word_1_230' title='bbox 0 2581 240 2663; x_wconf 39' lang='lat' dir='ltr'>‘ebrulfi&#39;</span> <span class='ocrx_word' id='word_1_231' title='bbox 226 2592 301 2640; x_wconf 76' lang='grc' dir='ltr'>επι</span> <span class='ocrx_word' id='word_1_232' title='bbox 334 2596 510 2656; x_wconf 75' lang='grc' dir='ltr'>χλωροῦ</span> <span class='ocrx_word' id='word_1_233' title='bbox 542 2587 824 2652; x_wconf 69' lang='grc' dir='ltr'>ἀδαμαντος,</span> <span class='ocrx_word' id='word_1_234' title='bbox 873 2611 1027 2654; x_wconf 80' lang='lat' dir='ltr'>magno</span> <span class='ocrx_word' id='word_1_235' title='bbox 1070 2602 1246 2654; x_wconf 78' lang='lat' dir='ltr'>strepitu</span> <span class='ocrx_word' id='word_1_236' title='bbox 1286 2594 1510 2637; x_wconf 82' lang='lat' dir='ltr'>resonabat</span> 
     </span>
     <span class='ocr_line' id='line_1_29' title="bbox 0 2669 1508 2732; baseline -0.003 -16.973"><span class='ocrx_word' id='word_1_237' title='bbox 0 2674 179 2732; x_wconf 77' lang='lat' dir='ltr'>clypeus</span> <span class='ocrx_word' id='word_1_238' title='bbox 209 2672 494 2715; x_wconf 81' lang='lat' dir='ltr'>incedentibus</span> <span class='ocrx_word' id='word_1_239' title='bbox 525 2671 613 2714; x_wconf 72' lang='lat' dir='ltr'>illis</span> <span class='ocrx_word' id='word_1_240' title='bbox 643 2677 687 2713; x_wconf 84' lang='lat' dir='ltr'>in</span> <span class='ocrx_word' id='word_1_241' title='bbox 717 2671 942 2713; x_wconf 78' lang='lat' dir='ltr'>adamante</span> <span class='ocrx_word' id='word_1_242' title='bbox 957 2671 1139 2729; x_wconf 82' lang='lat' dir='ltr'>pallido.</span> <span class='ocrx_word' id='word_1_243' title='bbox 1187 2670 1381 2714; x_wconf 82' lang='lat' dir='ltr'>Scilicet</span> <span class='ocrx_word' id='word_1_244' title='bbox 1393 2669 1508 2714; x_wconf 87' lang='lat' dir='ltr'>Gor-</span> 
     </span>
    </p>
   </div>
   <div class='ocr_carea' id='block_1_11' title="bbox 9 2746 1508 2808">
    <p class='ocr_par' dir='ltr' id='par_1_12' title="bbox 9 2746 1508 2808">
     <span class='ocr_line' id='line_1_30' title="bbox 9 2746 1508 2808; baseline -0.004 -15"><span class='ocrx_word' id='word_1_245' title='bbox 9 2764 139 2808; x_wconf 80' lang='lat' dir='ltr'>gones</span> <span class='ocrx_word' id='word_1_246' title='bbox 163 2763 335 2806; x_wconf 88' lang='lat' dir='ltr'>quoque</span> <span class='ocrx_word' id='word_1_247' title='bbox 357 2763 447 2791; x_wconf 86' lang='lat' dir='ltr'>non</span> <span class='ocrx_word' id='word_1_248' title='bbox 471 2762 613 2806; x_wconf 81' lang='lat' dir='ltr'>presse</span> <span class='ocrx_word' id='word_1_249' title='bbox 636 2748 930 2807; x_wconf 56' lang='lat' dir='ltr'>cohaerebant</span> <span class='ocrx_word' id='word_1_250' title='bbox 952 2763 1056 2791; x_wconf 90' lang='lat' dir='ltr'>cum</span> <span class='ocrx_word' id='word_1_251' title='bbox 1078 2748 1259 2805; x_wconf 78' lang='lat' dir='ltr'>clypeO,</span> <span class='ocrx_word' id='word_1_252' title='bbox 1291 2746 1364 2790; x_wconf 87' lang='lat' dir='ltr'>sed</span> <span class='ocrx_word' id='word_1_253' title='bbox 1383 2753 1508 2789; x_wconf 88' lang='lat' dir='ltr'>moto</span> 
     </span>
    </p>
   </div>
   <div class='ocr_carea' id='block_1_12' title="bbox 1286 2822 1316 2867">
    <p class='ocr_par' dir='ltr' id='par_1_13' title="bbox 1286 2822 1316 2867">
     <span class='ocr_line' id='line_1_31' title="bbox 1286 2822 1316 2867; baseline 0 0"><span class='ocrx_word' id='word_1_254' title='bbox 1286 2822 1316 2867; x_wconf 89' lang='lat'>5</span> 
     </span>
    </p>
   </div>
  </div>
 </body>
</html>
