<?xml version="1.0" encoding="UTF-8"?>
<!DOCTYPE html PUBLIC "-//W3C//DTD XHTML 1.0 Transitional//EN"
    "http://www.w3.org/TR/xhtml1/DTD/xhtml1-transitional.dtd">
<html xmlns="http://www.w3.org/1999/xhtml" xml:lang="en" lang="en">
 <head>
  <title>
</title>
<meta http-equiv="Content-Type" content="text/html;charset=utf-8" />
  <meta name='ocr-system' content='tesseract 3.04.00' />
  <meta name='ocr-capabilities' content='ocr_page ocr_carea ocr_par ocr_line ocrx_word'/>
</head>
<body>
  <div class='ocr_page' id='page_1' title='image "./scutumherculisli00hesiuoft_0116.png"; bbox 0 0 1748 3224; ppageno 0'>
   <div class='ocr_carea' id='block_1_1' title="bbox 249 213 1159 262">
    <p class='ocr_par' dir='ltr' id='par_1_1' title="bbox 249 213 1159 262">
     <span class='ocr_line' id='line_1_1' title="bbox 249 213 1159 262; baseline -0.002 0"><span class='ocrx_word' id='word_1_1' title='bbox 249 213 313 262; x_wconf 84' lang='lat'>28</span> <span class='ocrx_word' id='word_1_2' title='bbox 839 230 1159 261; x_wconf 68' lang='lat' dir='ltr'>connunmvs</span> 
     </span>
    </p>
   </div>
   <div class='ocr_carea' id='block_1_2' title="bbox 243 335 1748 1846">
    <p class='ocr_par' dir='ltr' id='par_1_2' title="bbox 245 335 1748 1221">
     <span class='ocr_line' id='line_1_2' title="bbox 310 335 1748 403; baseline -0.001 -15"><span class='ocrx_word' id='word_1_3' title='bbox 310 361 350 388; x_wconf 86' lang='lat' dir='ltr'>v.</span> <span class='ocrx_word' id='word_1_4' title='bbox 397 347 480 388; x_wconf 89' lang='lat'>120</span> <span class='ocrx_word' id='word_1_5' title='bbox 517 359 604 400; x_wconf 90' lang='lat' dir='ltr'>seq.</span> <span class='ocrx_word' id='word_1_6' title='bbox 666 339 813 403; x_wconf 74' lang='grc' dir='ltr'><em>μέγαν</em></span> <span class='ocrx_word' id='word_1_7' title='bbox 853 335 992 387; x_wconf 69' lang='grc' dir='ltr'><em>’ἵππον</em></span> <span class='ocrx_word' id='word_1_8' title='bbox 1038 336 1232 403; x_wconf 72' lang='grc' dir='ltr'><em>Ἀρείονα</em></span> <span class='ocrx_word' id='word_1_9' title='bbox 1279 359 1400 390; x_wconf 67' lang='lat' dir='ltr'>num.</span> <span class='ocrx_word' id='word_1_10' title='bbox 1451 338 1599 402; x_wconf 69' lang='grc' dir='ltr'><em>πάντῃ</em></span> <span class='ocrx_word' id='word_1_11' title='bbox 1643 337 1748 387; x_wconf 74' lang='grc' dir='ltr'>ἀνα·</span> 
     </span>
     <span class='ocr_line' id='line_1_3' title="bbox 247 413 1748 479; baseline 0 -17"><span class='ocrx_word' id='word_1_12' title='bbox 247 413 498 479; x_wconf 74' lang='grc' dir='ltr'><em>πρωφοῖν.]</em></span> <span class='ocrx_word' id='word_1_13' title='bbox 558 419 658 463; x_wconf 90' lang='lat' dir='ltr'>Non</span> <span class='ocrx_word' id='word_1_14' title='bbox 700 435 840 463; x_wconf 90' lang='lat' dir='ltr'>unum</span> <span class='ocrx_word' id='word_1_15' title='bbox 876 421 1079 464; x_wconf 89' lang='lat' dir='ltr'>Herculis</span> <span class='ocrx_word' id='word_1_16' title='bbox 1110 422 1266 464; x_wconf 89' lang='lat' dir='ltr'>currui</span> <span class='ocrx_word' id='word_1_17' title='bbox 1296 421 1502 464; x_wconf 90' lang='lat' dir='ltr'>iunctum</span> <span class='ocrx_word' id='word_1_18' title='bbox 1535 421 1748 464; x_wconf 82' lang='lat' dir='ltr'>Arionem</span> 
     </span>
     <span class='ocr_line' id='line_1_4' title="bbox 247 495 1748 554; baseline -0.002 -14"><span class='ocrx_word' id='word_1_19' title='bbox 247 496 381 539; x_wconf 86' lang='lat' dir='ltr'>fuisse</span> <span class='ocrx_word' id='word_1_20' title='bbox 416 503 516 536; x_wconf 90' lang='lat' dir='ltr'>tum</span> <span class='ocrx_word' id='word_1_21' title='bbox 546 509 615 537; x_wconf 89' lang='lat' dir='ltr'>res</span> <span class='ocrx_word' id='word_1_22' title='bbox 643 495 738 552; x_wconf 90' lang='lat' dir='ltr'>ipsa</span> <span class='ocrx_word' id='word_1_23' title='bbox 769 502 813 537; x_wconf 90' lang='lat' dir='ltr'>et</span> <span class='ocrx_word' id='word_1_24' title='bbox 842 503 1044 538; x_wconf 83' lang='lat' dir='ltr'><strong>constans</strong></span> <span class='ocrx_word' id='word_1_25' title='bbox 1076 496 1125 553; x_wconf 86' lang='lat' dir='ltr'>in</span> <span class='ocrx_word' id='word_1_26' title='bbox 1163 495 1275 554; x_wconf 81' lang='lat' dir='ltr'>bigis</span> <span class='ocrx_word' id='word_1_27' title='bbox 1304 497 1573 539; x_wconf 80' lang='lat' dir='ltr'>consuetudo</span> <span class='ocrx_word' id='word_1_28' title='bbox 1601 496 1748 546; x_wconf 85' lang='lat' dir='ltr'>docet,</span> 
     </span>
     <span class='ocr_line' id='line_1_5' title="bbox 247 571 1748 629; baseline -0.002 -13"><span class='ocrx_word' id='word_1_29' title='bbox 247 582 347 616; x_wconf 87' lang='lat' dir='ltr'>tum</span> <span class='ocrx_word' id='word_1_30' title='bbox 380 585 514 629; x_wconf 89' lang='lat' dir='ltr'>supra</span> <span class='ocrx_word' id='word_1_31' title='bbox 549 578 744 628; x_wconf 87' lang='lat' dir='ltr'>arguunt</span> <span class='ocrx_word' id='word_1_32' title='bbox 782 586 856 614; x_wconf 89' lang='lat' dir='ltr'>vv.</span> <span class='ocrx_word' id='word_1_33' title='bbox 898 572 954 614; x_wconf 88' lang='grc'>96</span> <span class='ocrx_word' id='word_1_34' title='bbox 985 586 1072 629; x_wconf 87' lang='lat' dir='ltr'>seq.</span> <span class='ocrx_word' id='word_1_35' title='bbox 1135 571 1218 615; x_wconf 91' lang='lat' dir='ltr'>Sed</span> <span class='ocrx_word' id='word_1_36' title='bbox 1252 571 1412 614; x_wconf 89' lang='lat' dir='ltr'>maiori</span> <span class='ocrx_word' id='word_1_37' title='bbox 1451 579 1494 614; x_wconf 87' lang='lat' dir='ltr'>et</span> <span class='ocrx_word' id='word_1_38' title='bbox 1522 578 1748 628; x_wconf 82' lang='lat' dir='ltr'>praestan-</span> 
     </span>
     <span class='ocr_line' id='line_1_6' title="bbox 247 635 1748 706; baseline -0.002 -15"><span class='ocrx_word' id='word_1_39' title='bbox 247 649 355 691; x_wconf 90' lang='lat' dir='ltr'>tiori</span> <span class='ocrx_word' id='word_1_40' title='bbox 383 662 492 704; x_wconf 86' lang='lat' dir='ltr'>equo</span> <span class='ocrx_word' id='word_1_41' title='bbox 526 647 709 698; x_wconf 90' lang='lat' dir='ltr'>Arioni,</span> <span class='ocrx_word' id='word_1_42' title='bbox 742 655 920 706; x_wconf 82' lang='lat' dir='ltr'><strong>promte</strong></span> <span class='ocrx_word' id='word_1_43' title='bbox 958 648 1012 691; x_wconf 89' lang='lat' dir='ltr'>ad</span> <span class='ocrx_word' id='word_1_44' title='bbox 1049 648 1226 706; x_wconf 79' lang='lat' dir='ltr'>aurigae</span> <span class='ocrx_word' id='word_1_45' title='bbox 1255 635 1456 706; x_wconf 65' lang='lat' dir='ltr'>regimen</span> <span class='ocrx_word' id='word_1_46' title='bbox 1490 661 1534 690; x_wconf 87' lang='lat' dir='ltr'>se</span> <span class='ocrx_word' id='word_1_47' title='bbox 1561 660 1748 690; x_wconf 86' lang='lat' dir='ltr'>conver-</span> 
     </span>
     <span class='ocr_line' id='line_1_7' title="bbox 247 721 1748 781; baseline -0.001 -15"><span class='ocrx_word' id='word_1_48' title='bbox 247 724 383 775; x_wconf 83' lang='lat' dir='ltr'>tenti,</span> <span class='ocrx_word' id='word_1_49' title='bbox 428 721 559 767; x_wconf 88' lang='lat' dir='ltr'>facile</span> <span class='ocrx_word' id='word_1_50' title='bbox 602 722 936 781; x_wconf 80' lang='lat' dir='ltr'>obtemperabat</span> <span class='ocrx_word' id='word_1_51' title='bbox 973 724 1087 766; x_wconf 88' lang='lat' dir='ltr'>alter</span> <span class='ocrx_word' id='word_1_52' title='bbox 1126 739 1275 781; x_wconf 79' lang='lat' dir='ltr'>equuS.</span> <span class='ocrx_word' id='word_1_53' title='bbox 1337 723 1491 780; x_wconf 89' lang='lat' dir='ltr'>Itaque</span> <span class='ocrx_word' id='word_1_54' title='bbox 1534 722 1748 780; x_wconf 77' lang='lat' dir='ltr'>praecipit</span> 
     </span>
     <span class='ocr_line' id='line_1_8' title="bbox 247 798 1748 856; baseline -0.002 -14"><span class='ocrx_word' id='word_1_55' title='bbox 247 800 367 842; x_wconf 91' lang='lat' dir='ltr'>Iolao</span> <span class='ocrx_word' id='word_1_56' title='bbox 409 798 640 849; x_wconf 86' lang='lat' dir='ltr'>Hercules,</span> <span class='ocrx_word' id='word_1_57' title='bbox 680 806 732 840; x_wconf 91' lang='lat' dir='ltr'>ut</span> <span class='ocrx_word' id='word_1_58' title='bbox 765 798 979 842; x_wconf 82' lang='lat' dir='ltr'>Arionem</span> <span class='ocrx_word' id='word_1_59' title='bbox 1015 813 1368 856; x_wconf 88' lang='lat' dir='ltr'>quoquoversum</span> <span class='ocrx_word' id='word_1_60' title='bbox 1405 805 1636 841; x_wconf 87' lang='lat' dir='ltr'>convertat</span> <span class='ocrx_word' id='word_1_61' title='bbox 1669 811 1748 854; x_wconf 85' lang='lat' dir='ltr'>pro</span> 
     </span>
     <span class='ocr_line' id='line_1_9' title="bbox 247 873 1748 932; baseline -0.002 -15"><span class='ocrx_word' id='word_1_62' title='bbox 247 875 453 932; x_wconf 81' lang='lat' dir='ltr'>exigente</span> <span class='ocrx_word' id='word_1_63' title='bbox 478 874 524 916; x_wconf 91' lang='lat' dir='ltr'>id</span> <span class='ocrx_word' id='word_1_64' title='bbox 546 889 719 932; x_wconf 87' lang='lat' dir='ltr'>pugnae</span> <span class='ocrx_word' id='word_1_65' title='bbox 745 874 943 926; x_wconf 88' lang='lat' dir='ltr'>ratione,</span> <span class='ocrx_word' id='word_1_66' title='bbox 970 890 1026 917; x_wconf 91' lang='lat' dir='ltr'>ne</span> <span class='ocrx_word' id='word_1_67' title='bbox 1049 875 1243 926; x_wconf 88' lang='lat' dir='ltr'>scilicet,</span> <span class='ocrx_word' id='word_1_68' title='bbox 1268 875 1306 917; x_wconf 89' lang='lat' dir='ltr'>si</span> <span class='ocrx_word' id='word_1_69' title='bbox 1332 873 1516 917; x_wconf 87' lang='lat' dir='ltr'>fortasse</span> <span class='ocrx_word' id='word_1_70' title='bbox 1534 888 1593 916; x_wconf 80' lang='lat' dir='ltr'>ex</span> <span class='ocrx_word' id='word_1_71' title='bbox 1614 887 1748 915; x_wconf 87' lang='lat' dir='ltr'>curru</span> 
     </span>
     <span class='ocr_line' id='line_1_10' title="bbox 245 934 1748 1008; baseline -0.001 -16"><span class='ocrx_word' id='word_1_72' title='bbox 245 951 536 1008; x_wconf 88' lang='lat' dir='ltr'>pugnandum</span> <span class='ocrx_word' id='word_1_73' title='bbox 563 958 693 1002; x_wconf 87' lang='lat' dir='ltr'>esset,</span> <span class='ocrx_word' id='word_1_74' title='bbox 725 934 775 992; x_wconf 83' lang='lat' dir='ltr'>in</span> <span class='ocrx_word' id='word_1_75' title='bbox 808 965 858 992; x_wconf 90' lang='lat' dir='ltr'>eo</span> <span class='ocrx_word' id='word_1_76' title='bbox 894 957 1012 992; x_wconf 86' lang='lat' dir='ltr'>stans</span> <span class='ocrx_word' id='word_1_77' title='bbox 1044 950 1254 993; x_wconf 91' lang='lat' dir='ltr'>Hercules</span> <span class='ocrx_word' id='word_1_78' title='bbox 1285 951 1439 1008; x_wconf 80' lang='lat' dir='ltr'>aliqua</span> <span class='ocrx_word' id='word_1_79' title='bbox 1471 964 1539 1000; x_wconf 87' lang='lat' dir='ltr'>re,</span> <span class='ocrx_word' id='word_1_80' title='bbox 1572 947 1748 991; x_wconf 79' lang='lat' dir='ltr'>fortasse</span> 
     </span>
     <span class='ocr_line' id='line_1_11' title="bbox 246 1023 1748 1084; baseline -0.001 -16"><span class='ocrx_word' id='word_1_81' title='bbox 246 1026 384 1084; x_wconf 88' lang='lat' dir='ltr'>ipsius</span> <span class='ocrx_word' id='word_1_82' title='bbox 411 1026 592 1069; x_wconf 90' lang='lat' dir='ltr'>Arionis</span> <span class='ocrx_word' id='word_1_83' title='bbox 630 1026 771 1068; x_wconf 84' lang='lat' dir='ltr'>inter‘</span> <span class='ocrx_word' id='word_1_84' title='bbox 789 1040 892 1068; x_wconf 88' lang='lat' dir='ltr'>eum</span> <span class='ocrx_word' id='word_1_85' title='bbox 931 1034 975 1068; x_wconf 88' lang='lat' dir='ltr'>et</span> <span class='ocrx_word' id='word_1_86' title='bbox 1001 1024 1210 1083; x_wconf 76' lang='lat' dir='ltr'>Cycnum</span> <span class='ocrx_word' id='word_1_87' title='bbox 1237 1026 1394 1068; x_wconf 86' lang='lat' dir='ltr'>stantis</span> <span class='ocrx_word' id='word_1_88' title='bbox 1423 1023 1748 1082; x_wconf 76' lang='lat' dir='ltr'>magnitudine,</span> 
     </span>
     <span class='ocr_line' id='line_1_12' title="bbox 245 1099 1748 1160; baseline -0.003 -15"><span class='ocrx_word' id='word_1_89' title='bbox 245 1102 560 1160; x_wconf 87' lang='lat' dir='ltr'>impediretur,</span> <span class='ocrx_word' id='word_1_90' title='bbox 591 1101 833 1159; x_wconf 87' lang='lat' dir='ltr'>quominus</span> <span class='ocrx_word' id='word_1_91' title='bbox 867 1101 1008 1144; x_wconf 87' lang='lat' dir='ltr'>libere</span> <span class='ocrx_word' id='word_1_92' title='bbox 1037 1102 1181 1144; x_wconf 89' lang='lat' dir='ltr'>telum</span> <span class='ocrx_word' id='word_1_93' title='bbox 1215 1101 1263 1143; x_wconf 89' lang='lat' dir='ltr'>in</span> <span class='ocrx_word' id='word_1_94' title='bbox 1294 1100 1597 1144; x_wconf 86' lang='lat' dir='ltr'>adversarium</span> <span class='ocrx_word' id='word_1_95' title='bbox 1622 1099 1748 1142; x_wconf 84' lang='lat' dir='ltr'>emit-</span> 
     </span>
     <span class='ocr_line' id='line_1_13' title="bbox 245 1187 372 1221; baseline 0.008 -1"><span class='ocrx_word' id='word_1_96' title='bbox 245 1187 372 1221; x_wconf 85' lang='lat' dir='ltr'>teret.</span> 
     </span>
    </p>

    <p class='ocr_par' dir='ltr' id='par_1_3' title="bbox 245 1252 1748 1467">
     <span class='ocr_line' id='line_1_14' title="bbox 303 1252 1748 1314; baseline 0.001 -17"><span class='ocrx_word' id='word_1_97' title='bbox 303 1255 368 1297; x_wconf 92' lang='lat' dir='ltr'>De</span> <span class='ocrx_word' id='word_1_98' title='bbox 408 1254 575 1298; x_wconf 86' lang='lat' dir='ltr'>Arione</span> <span class='ocrx_word' id='word_1_99' title='bbox 614 1252 764 1296; x_wconf 91' lang='lat' dir='ltr'>Schol.</span> <span class='ocrx_word' id='word_1_100' title='bbox 806 1253 918 1297; x_wconf 88' lang='lat' dir='ltr'>Ven.</span> <span class='ocrx_word' id='word_1_101' title='bbox 961 1255 1014 1297; x_wconf 89' lang='lat' dir='ltr'>A.</span> <span class='ocrx_word' id='word_1_102' title='bbox 1053 1253 1101 1296; x_wconf 90' lang='lat' dir='ltr'>B.</span> <span class='ocrx_word' id='word_1_103' title='bbox 1135 1253 1189 1297; x_wconf 92' lang='lat' dir='ltr'>D.</span> <span class='ocrx_word' id='word_1_104' title='bbox 1227 1253 1280 1296; x_wconf 86' lang='lat' dir='ltr'>ad</span> <span class='ocrx_word' id='word_1_105' title='bbox 1306 1253 1362 1298; x_wconf 93' lang='lat' dir='ltr'>Il.</span> <span class='ocrx_word' id='word_1_106' title='bbox 1391 1253 1447 1296; x_wconf 80' lang='grc' dir='ltr'>Ψ.</span> <span class='ocrx_word' id='word_1_107' title='bbox 1480 1253 1587 1298; x_wconf 83' lang='lat'><strong>346:</strong></span> <span class='ocrx_word' id='word_1_108' title='bbox 1607 1253 1748 1314; x_wconf 76' lang='grc' dir='ltr'><em>τούτῳ</em></span> 
     </span>
     <span class='ocr_line' id='line_1_15' title="bbox 246 1318 1748 1390; baseline 0.001 -16"><span class='ocrx_word' id='word_1_109' title='bbox 246 1322 622 1390; x_wconf 67' lang='grc' dir='ltr'>διαγωνισάμενος</span> <span class='ocrx_word' id='word_1_110' title='bbox 663 1323 883 1386; x_wconf 76' lang='grc' dir='ltr'><em>Ἡρακλῆς</em></span> <span class='ocrx_word' id='word_1_111' title='bbox 917 1324 1022 1387; x_wconf 74' lang='grc' dir='ltr'>πρὸς</span> <span class='ocrx_word' id='word_1_112' title='bbox 1057 1325 1216 1372; x_wconf 77' lang='grc' dir='ltr'><em>Κύκνον</em></span> <span class='ocrx_word' id='word_1_113' title='bbox 1245 1324 1318 1373; x_wconf 75' lang='grc' dir='ltr'>τὸν</span> <span class='ocrx_word' id='word_1_114' title='bbox 1343 1318 1507 1388; x_wconf 68' lang='grc' dir='ltr'>’Ἄρεως</span> <span class='ocrx_word' id='word_1_115' title='bbox 1542 1326 1629 1376; x_wconf 79' lang='grc' dir='ltr'><em>υἱὸν</em></span> <span class='ocrx_word' id='word_1_116' title='bbox 1655 1324 1748 1376; x_wconf 74' lang='grc' dir='ltr'>καθ’</span> 
     </span>
     <span class='ocr_line' id='line_1_16' title="bbox 245 1396 1748 1467; baseline 0.001 -17"><span class='ocrx_word' id='word_1_117' title='bbox 245 1398 536 1465; x_wconf 69' lang='grc' dir='ltr'>ἱπποδρομίαν</span> <span class='ocrx_word' id='word_1_118' title='bbox 561 1396 748 1457; x_wconf 73' lang='grc' dir='ltr'>ἐνίκησεν</span> <span class='ocrx_word' id='word_1_119' title='bbox 773 1397 817 1448; x_wconf 76' lang='grc' dir='ltr'>ἓν</span> <span class='ocrx_word' id='word_1_120' title='bbox 841 1398 907 1464; x_wconf 78' lang='grc' dir='ltr'>τῷ</span> <span class='ocrx_word' id='word_1_121' title='bbox 937 1404 1015 1447; x_wconf 80' lang='grc' dir='ltr'>τοῦ</span> <span class='ocrx_word' id='word_1_122' title='bbox 1040 1401 1310 1464; x_wconf 69' lang='grc' dir='ltr'><em>Παγασαίου</em></span> <span class='ocrx_word' id='word_1_123' title='bbox 1339 1400 1615 1456; x_wconf 79' lang='grc' dir='ltr'><em>’Λπόλλωνος</em></span> <span class='ocrx_word' id='word_1_124' title='bbox 1643 1401 1748 1467; x_wconf 77' lang='grc' dir='ltr'><em>ἱερῷ.</em></span> 
     </span>
    </p>

    <p class='ocr_par' dir='ltr' id='par_1_4' title="bbox 243 1473 1748 1846">
     <span class='ocr_line' id='line_1_17' title="bbox 304 1473 1748 1543; baseline 0.001 -17"><span class='ocrx_word' id='word_1_125' title='bbox 304 1473 606 1543; x_wconf 73' lang='grc' dir='ltr'><em>κυανοχαίτης</em></span> <span class='ocrx_word' id='word_1_126' title='bbox 649 1482 792 1526; x_wconf 80' lang='lat' dir='ltr'>Arion</span> <span class='ocrx_word' id='word_1_127' title='bbox 836 1483 983 1525; x_wconf 86' lang='lat' dir='ltr'>dictus</span> <span class='ocrx_word' id='word_1_128' title='bbox 1026 1482 1163 1526; x_wconf 88' lang='lat' dir='ltr'>etiam</span> <span class='ocrx_word' id='word_1_129' title='bbox 1218 1482 1489 1526; x_wconf 80' lang='lat' dir='ltr'>Antimacho</span> <span class='ocrx_word' id='word_1_130' title='bbox 1537 1484 1588 1526; x_wconf 88' lang='lat' dir='ltr'>in</span> <span class='ocrx_word' id='word_1_131' title='bbox 1632 1484 1748 1528; x_wconf 85' lang='lat' dir='ltr'>The-</span> 
     </span>
     <span class='ocr_line' id='line_1_18' title="bbox 245 1558 1748 1611; baseline 0.001 -9"><span class='ocrx_word' id='word_1_132' title='bbox 245 1559 396 1611; x_wconf 85' lang='lat' dir='ltr'>baide,</span> <span class='ocrx_word' id='word_1_133' title='bbox 422 1558 549 1600; x_wconf 88' lang='lat' dir='ltr'>cuius</span> <span class='ocrx_word' id='word_1_134' title='bbox 576 1573 753 1600; x_wconf 85' lang='lat' dir='ltr'>versum</span> <span class='ocrx_word' id='word_1_135' title='bbox 785 1558 981 1601; x_wconf 85' lang='lat' dir='ltr'>servavit</span> <span class='ocrx_word' id='word_1_136' title='bbox 1011 1558 1245 1601; x_wconf 81' lang='lat' dir='ltr'>Pausanias</span> <span class='ocrx_word' id='word_1_137' title='bbox 1271 1558 1395 1603; x_wconf 87' lang='lat' dir='ltr'><strong>VIII.</strong></span> <span class='ocrx_word' id='word_1_138' title='bbox 1426 1571 1559 1604; x_wconf 76' lang='lat' dir='ltr'><strong>XXVI.</strong></span> <span class='ocrx_word' id='word_1_139' title='bbox 1592 1564 1650 1604; x_wconf 87' lang='lat'>5.-</span> <span class='ocrx_word' id='word_1_140' title='bbox 1695 1561 1748 1604; x_wconf 82' lang='lat' dir='ltr'>At</span> 
     </span>
     <span class='ocr_line' id='line_1_19' title="bbox 245 1632 1748 1694; baseline 0.001 -17"><span class='ocrx_word' id='word_1_141' title='bbox 245 1635 395 1677; x_wconf 81' lang='lat' dir='ltr'>rutilas</span> <span class='ocrx_word' id='word_1_142' title='bbox 422 1634 462 1676; x_wconf 90' lang='lat' dir='ltr'>ei</span> <span class='ocrx_word' id='word_1_143' title='bbox 490 1632 610 1675; x_wconf 74' lang='lat' dir='ltr'>iubas</span> <span class='ocrx_word' id='word_1_144' title='bbox 633 1633 796 1676; x_wconf 86' lang='lat' dir='ltr'>tribuit</span> <span class='ocrx_word' id='word_1_145' title='bbox 826 1632 994 1677; x_wconf 83' lang='lat' dir='ltr'>Statius</span> <span class='ocrx_word' id='word_1_146' title='bbox 1023 1633 1164 1677; x_wconf 85' lang='lat' dir='ltr'>Theb.</span> <span class='ocrx_word' id='word_1_147' title='bbox 1180 1634 1260 1679; x_wconf 88' lang='lat' dir='ltr'>VI.</span> <span class='ocrx_word' id='word_1_148' title='bbox 1281 1635 1388 1686; x_wconf 84' lang='lat'>301,</span> <span class='ocrx_word' id='word_1_149' title='bbox 1414 1634 1494 1677; x_wconf 90' lang='lat' dir='ltr'>ubi</span> <span class='ocrx_word' id='word_1_150' title='bbox 1523 1636 1748 1694; x_wconf 85' lang='lat' dir='ltr'>splendida</span> 
     </span>
     <span class='ocr_line' id='line_1_20' title="bbox 243 1709 1748 1770; baseline 0.001 -16"><span class='ocrx_word' id='word_1_151' title='bbox 243 1719 308 1754; x_wconf 86' lang='lat' dir='ltr'>est</span> <span class='ocrx_word' id='word_1_152' title='bbox 348 1711 483 1754; x_wconf 84' lang='lat' dir='ltr'>huius</span> <span class='ocrx_word' id='word_1_153' title='bbox 518 1709 616 1768; x_wconf 87' lang='lat' dir='ltr'>equi</span> <span class='ocrx_word' id='word_1_154' title='bbox 659 1709 921 1768; x_wconf 77' lang='lat' dir='ltr'>descriptio,</span> <span class='ocrx_word' id='word_1_155' title='bbox 965 1710 1018 1753; x_wconf 89' lang='lat' dir='ltr'>ad</span> <span class='ocrx_word' id='word_1_156' title='bbox 1061 1725 1198 1768; x_wconf 88' lang='lat' dir='ltr'>quam</span> <span class='ocrx_word' id='word_1_157' title='bbox 1233 1710 1471 1754; x_wconf 84' lang='lat' dir='ltr'>Barthium</span> <span class='ocrx_word' id='word_1_158' title='bbox 1511 1711 1748 1770; x_wconf 79' lang='lat' dir='ltr'>inspexisse</span> 
     </span>
     <span class='ocr_line' id='line_1_21' title="bbox 245 1786 548 1846; baseline 0 -16"><span class='ocrx_word' id='word_1_159' title='bbox 245 1802 335 1830; x_wconf 89' lang='lat' dir='ltr'>non</span> <span class='ocrx_word' id='word_1_160' title='bbox 361 1786 548 1846; x_wconf 88' lang='lat' dir='ltr'>pigebit.</span> 
     </span>
    </p>
   </div>
   <div class='ocr_carea' id='block_1_3' title="bbox 242 1933 1748 2834">
    <p class='ocr_par' dir='ltr' id='par_1_5' title="bbox 243 1933 1748 2227">
     <span class='ocr_line' id='line_1_22' title="bbox 303 1933 1748 2001; baseline 0.003 -19"><span class='ocrx_word' id='word_1_161' title='bbox 303 1955 346 1983; x_wconf 85' lang='lat' dir='ltr'>v.</span> <span class='ocrx_word' id='word_1_162' title='bbox 369 1940 453 1982; x_wconf 88' lang='lat'>122</span> <span class='ocrx_word' id='word_1_163' title='bbox 478 1940 727 1999; x_wconf 86' lang='lat' dir='ltr'>integrum,</span> <span class='ocrx_word' id='word_1_164' title='bbox 747 1948 798 1983; x_wconf 88' lang='lat' dir='ltr'>ut</span> <span class='ocrx_word' id='word_1_165' title='bbox 811 1940 990 1984; x_wconf 85' lang='lat' dir='ltr'>Hesiodi</span> <span class='ocrx_word' id='word_1_166' title='bbox 1008 1933 1052 1984; x_wconf 76' lang='grc' dir='ltr'>ἓν</span> <span class='ocrx_word' id='word_1_167' title='bbox 1068 1937 1126 1998; x_wconf 69' lang='grc' dir='ltr'>τῇ</span> <span class='ocrx_word' id='word_1_168' title='bbox 1143 1933 1347 1996; x_wconf 67' lang='grc' dir='ltr'>Ἀσπίδι,</span> <span class='ocrx_word' id='word_1_169' title='bbox 1367 1942 1476 1985; x_wconf 88' lang='lat' dir='ltr'>citat</span> <span class='ocrx_word' id='word_1_170' title='bbox 1496 1942 1558 1986; x_wconf 89' lang='lat' dir='ltr'>Io.</span> <span class='ocrx_word' id='word_1_171' title='bbox 1573 1941 1748 2001; x_wconf 90' lang='lat' dir='ltr'>Philop.</span> 
     </span>
     <span class='ocr_line' id='line_1_23' title="bbox 244 2016 1748 2076; baseline 0.001 -17"><span class='ocrx_word' id='word_1_172' title='bbox 244 2016 297 2059; x_wconf 84' lang='lat' dir='ltr'>ad</span> <span class='ocrx_word' id='word_1_173' title='bbox 323 2016 508 2060; x_wconf 85' lang='lat' dir='ltr'>Aristot.</span> <span class='ocrx_word' id='word_1_174' title='bbox 535 2016 666 2069; x_wconf 84' lang='lat' dir='ltr'>Anal.</span> <span class='ocrx_word' id='word_1_175' title='bbox 694 2017 858 2061; x_wconf 86' lang='lat' dir='ltr'>Poster.</span> <span class='ocrx_word' id='word_1_176' title='bbox 882 2033 927 2076; x_wconf 88' lang='lat' dir='ltr'>p.</span> <span class='ocrx_word' id='word_1_177' title='bbox 951 2019 1022 2069; x_wconf 82' lang='lat'>82,</span> <span class='ocrx_word' id='word_1_178' title='bbox 1048 2017 1210 2060; x_wconf 85' lang='lat' dir='ltr'>addens</span> <span class='ocrx_word' id='word_1_179' title='bbox 1235 2017 1286 2060; x_wconf 84' lang='lat' dir='ltr'>ad</span> <span class='ocrx_word' id='word_1_180' title='bbox 1313 2017 1630 2075; x_wconf 88' lang='lat' dir='ltr'>complendum</span> <span class='ocrx_word' id='word_1_181' title='bbox 1652 2032 1748 2061; x_wconf 84' lang='lat' dir='ltr'>sen-</span> 
     </span>
     <span class='ocr_line' id='line_1_24' title="bbox 243 2083 1748 2144; baseline 0.003 -11"><span class='ocrx_word' id='word_1_182' title='bbox 243 2106 342 2134; x_wconf 84' lang='lat' dir='ltr'>sum</span> <span class='ocrx_word' id='word_1_183' title='bbox 373 2083 557 2135; x_wconf 76' lang='grc' dir='ltr'>δόσοιτο.</span> <span class='ocrx_word' id='word_1_184' title='bbox 618 2092 841 2136; x_wconf 86' lang='lat' dir='ltr'>Postrema</span> <span class='ocrx_word' id='word_1_185' title='bbox 869 2093 959 2135; x_wconf 93' lang='lat' dir='ltr'>duo</span> <span class='ocrx_word' id='word_1_186' title='bbox 986 2091 1142 2144; x_wconf 78' lang='lat' dir='ltr'>verba,</span> <span class='ocrx_word' id='word_1_187' title='bbox 1179 2099 1226 2134; x_wconf 87' lang='lat' dir='ltr'>ut</span> <span class='ocrx_word' id='word_1_188' title='bbox 1252 2091 1452 2144; x_wconf 87' lang='lat' dir='ltr'>Hesiodi,</span> <span class='ocrx_word' id='word_1_189' title='bbox 1478 2092 1677 2135; x_wconf 85' lang='lat' dir='ltr'>citantur</span> <span class='ocrx_word' id='word_1_190' title='bbox 1700 2093 1748 2137; x_wconf 91' lang='lat' dir='ltr'>in</span> 
     </span>
     <span class='ocr_line' id='line_1_25' title="bbox 245 2162 1748 2227; baseline 0.002 -18"><span class='ocrx_word' id='word_1_191' title='bbox 245 2166 429 2210; x_wconf 83' lang='lat' dir='ltr'>Homeri</span> <span class='ocrx_word' id='word_1_192' title='bbox 450 2162 774 2225; x_wconf 75' lang='grc' dir='ltr'>Ἐπιμερίσμοις</span> <span class='ocrx_word' id='word_1_193' title='bbox 793 2168 910 2227; x_wconf 85' lang='lat' dir='ltr'>apud</span> <span class='ocrx_word' id='word_1_194' title='bbox 929 2166 1128 2212; x_wconf 83' lang='lat' dir='ltr'>Cramer.</span> <span class='ocrx_word' id='word_1_195' title='bbox 1152 2167 1238 2212; x_wconf 87' lang='lat' dir='ltr'>An.</span> <span class='ocrx_word' id='word_1_196' title='bbox 1254 2166 1343 2211; x_wconf 80' lang='lat' dir='ltr'>Ox.</span> <span class='ocrx_word' id='word_1_197' title='bbox 1363 2168 1415 2211; x_wconf 94' lang='lat' dir='ltr'>T.</span> <span class='ocrx_word' id='word_1_198' title='bbox 1438 2168 1473 2211; x_wconf 92' lang='grc' dir='ltr'>Ι.</span> <span class='ocrx_word' id='word_1_199' title='bbox 1495 2184 1538 2226; x_wconf 88' lang='lat' dir='ltr'>p.</span> <span class='ocrx_word' id='word_1_200' title='bbox 1559 2164 1658 2221; x_wconf 78' lang='lat'>41⁷,</span> <span class='ocrx_word' id='word_1_201' title='bbox 1678 2170 1748 2213; x_wconf 87' lang='grc'>13.</span> 
     </span>
    </p>

    <p class='ocr_par' dir='ltr' id='par_1_6' title="bbox 242 2242 1748 2834">
     <span class='ocr_line' id='line_1_26' title="bbox 302 2242 1748 2301; baseline 0 -14"><span class='ocrx_word' id='word_1_202' title='bbox 302 2243 365 2287; x_wconf 90' lang='lat' dir='ltr'>Vt</span> <span class='ocrx_word' id='word_1_203' title='bbox 400 2243 494 2296; x_wconf 74' lang='lat' dir='ltr'>liic,</span> <span class='ocrx_word' id='word_1_204' title='bbox 532 2243 592 2286; x_wconf 87' lang='lat' dir='ltr'>ita</span> <span class='ocrx_word' id='word_1_205' title='bbox 632 2244 748 2301; x_wconf 85' lang='lat' dir='ltr'>apud</span> <span class='ocrx_word' id='word_1_206' title='bbox 789 2243 1038 2287; x_wconf 87' lang='lat' dir='ltr'>Homerum</span> <span class='ocrx_word' id='word_1_207' title='bbox 1073 2242 1237 2300; x_wconf 87' lang='lat' dir='ltr'>ubique</span> <span class='ocrx_word' id='word_1_208' title='bbox 1274 2244 1460 2287; x_wconf 84' lang='lat' dir='ltr'>initium</span> <span class='ocrx_word' id='word_1_209' title='bbox 1501 2252 1748 2288; x_wconf 83' lang='lat' dir='ltr'>armaturae</span> 
     </span>
     <span class='ocr_line' id='line_1_27' title="bbox 244 2319 1748 2379; baseline 0.003 -18"><span class='ocrx_word' id='word_1_210' title='bbox 244 2319 298 2361; x_wconf 82' lang='lat' dir='ltr'>fit</span> <span class='ocrx_word' id='word_1_211' title='bbox 319 2319 374 2362; x_wconf 85' lang='lat' dir='ltr'>ab</span> <span class='ocrx_word' id='word_1_212' title='bbox 399 2319 559 2371; x_wconf 87' lang='lat' dir='ltr'>ocreis,</span> <span class='ocrx_word' id='word_1_213' title='bbox 582 2334 689 2377; x_wconf 85' lang='lat' dir='ltr'>quas</span> <span class='ocrx_word' id='word_1_214' title='bbox 709 2319 863 2363; x_wconf 81' lang='lat' dir='ltr'>fibulis</span> <span class='ocrx_word' id='word_1_215' title='bbox 888 2320 1059 2363; x_wconf 87' lang='lat' dir='ltr'>circum</span> <span class='ocrx_word' id='word_1_216' title='bbox 1081 2320 1209 2378; x_wconf 84' lang='lat' dir='ltr'>pedes</span> <span class='ocrx_word' id='word_1_217' title='bbox 1231 2320 1606 2379; x_wconf 83' lang='lat' dir='ltr'>constringebant.</span> <span class='ocrx_word' id='word_1_218' title='bbox 1647 2321 1748 2366; x_wconf 84' lang='lat' dir='ltr'>vid.</span> 
     </span>
     <span class='ocr_line' id='line_1_28' title="bbox 243 2394 1748 2455; baseline 0.003 -19"><span class='ocrx_word' id='word_1_219' title='bbox 243 2394 376 2438; x_wconf 83' lang='lat' dir='ltr'>Hom.</span> <span class='ocrx_word' id='word_1_220' title='bbox 418 2394 472 2439; x_wconf 89' lang='grc' dir='ltr'>ΙΙ.</span> <span class='ocrx_word' id='word_1_221' title='bbox 504 2394 552 2438; x_wconf 92' lang='grc' dir='ltr'>Γ.</span> <span class='ocrx_word' id='word_1_222' title='bbox 585 2397 672 2440; x_wconf 82' lang='grc'>330</span> <span class='ocrx_word' id='word_1_223' title='bbox 702 2395 854 2454; x_wconf 87' lang='lat' dir='ltr'>ibique</span> <span class='ocrx_word' id='word_1_224' title='bbox 888 2395 1034 2455; x_wconf 87' lang='lat' dir='ltr'>Heyn.</span> <span class='ocrx_word' id='word_1_225' title='bbox 1086 2396 1144 2439; x_wconf 90' lang='lat' dir='ltr'>Et</span> <span class='ocrx_word' id='word_1_226' title='bbox 1173 2394 1328 2439; x_wconf 85' lang='lat' dir='ltr'>debuit</span> <span class='ocrx_word' id='word_1_227' title='bbox 1352 2396 1539 2440; x_wconf 87' lang='lat' dir='ltr'>omnino</span> <span class='ocrx_word' id='word_1_228' title='bbox 1563 2397 1663 2440; x_wconf 83' lang='lat' dir='ltr'>fieri</span> <span class='ocrx_word' id='word_1_229' title='bbox 1697 2396 1748 2440; x_wconf 84' lang='lat' dir='ltr'>ab</span> 
     </span>
     <span class='ocr_line' id='line_1_29' title="bbox 244 2471 1748 2533; baseline 0.001 -19"><span class='ocrx_word' id='word_1_230' title='bbox 244 2471 315 2515; x_wconf 81' lang='lat' dir='ltr'>his</span> <span class='ocrx_word' id='word_1_231' title='bbox 352 2471 560 2533; x_wconf 78' lang='lat' dir='ltr'>initium,</span> <span class='ocrx_word' id='word_1_232' title='bbox 598 2487 782 2530; x_wconf 87' lang='lat' dir='ltr'>corpore</span> <span class='ocrx_word' id='word_1_233' title='bbox 822 2473 1025 2516; x_wconf 87' lang='lat' dir='ltr'>nondum</span> <span class='ocrx_word' id='word_1_234' title='bbox 1062 2472 1117 2515; x_wconf 82' lang='lat' dir='ltr'>ab</span> <span class='ocrx_word' id='word_1_235' title='bbox 1159 2472 1316 2515; x_wconf 87' lang='lat' dir='ltr'>ceteris</span> <span class='ocrx_word' id='word_1_236' title='bbox 1344 2472 1481 2516; x_wconf 86' lang='lat' dir='ltr'>armis</span> <span class='ocrx_word' id='word_1_237' title='bbox 1507 2471 1748 2532; x_wconf 85' lang='lat' dir='ltr'>impedito,</span> 
     </span>
     <span class='ocr_line' id='line_1_30' title="bbox 243 2548 1748 2607; baseline 0.001 -17"><span class='ocrx_word' id='word_1_238' title='bbox 243 2555 391 2605; x_wconf 76' lang='lat' dir='ltr'>estque</span> <span class='ocrx_word' id='word_1_239' title='bbox 427 2548 563 2591; x_wconf 84' lang='lat' dir='ltr'>etiam</span> <span class='ocrx_word' id='word_1_240' title='bbox 596 2548 712 2591; x_wconf 87' lang='lat' dir='ltr'>circa</span> <span class='ocrx_word' id='word_1_241' title='bbox 750 2548 920 2607; x_wconf 82' lang='lat' dir='ltr'>reliqua</span> <span class='ocrx_word' id='word_1_242' title='bbox 949 2563 1072 2591; x_wconf 84' lang='lat' dir='ltr'>arma</span> <span class='ocrx_word' id='word_1_243' title='bbox 1102 2548 1327 2591; x_wconf 81' lang='lat' dir='ltr'>induenda</span> <span class='ocrx_word' id='word_1_244' title='bbox 1358 2549 1491 2604; x_wconf 89' lang='lat' dir='ltr'>ordo,</span> <span class='ocrx_word' id='word_1_245' title='bbox 1523 2562 1656 2607; x_wconf 91' lang='lat' dir='ltr'>quem</span> <span class='ocrx_word' id='word_1_246' title='bbox 1685 2563 1748 2592; x_wconf 86' lang='lat' dir='ltr'>se-</span> 
     </span>
     <span class='ocr_line' id='line_1_31' title="bbox 242 2623 1748 2683; baseline 0.002 -19"><span class='ocrx_word' id='word_1_247' title='bbox 242 2623 398 2680; x_wconf 83' lang='lat' dir='ltr'>quitur</span> <span class='ocrx_word' id='word_1_248' title='bbox 424 2626 572 2683; x_wconf 58' lang='lat' dir='ltr'>poi-ta,</span> <span class='ocrx_word' id='word_1_249' title='bbox 603 2624 833 2669; x_wconf 82' lang='lat' dir='ltr'>naturalis.</span> <span class='ocrx_word' id='word_1_250' title='bbox 884 2624 1084 2682; x_wconf 84' lang='lat' dir='ltr'>Namque</span> <span class='ocrx_word' id='word_1_251' title='bbox 1118 2624 1345 2667; x_wconf 82' lang='lat' dir='ltr'>thoracem</span> <span class='ocrx_word' id='word_1_252' title='bbox 1374 2624 1559 2667; x_wconf 87' lang='lat' dir='ltr'>induere</span> <span class='ocrx_word' id='word_1_253' title='bbox 1587 2623 1748 2668; x_wconf 86' lang='lat' dir='ltr'>Hercu-</span> 
     </span>
     <span class='ocr_line' id='line_1_32' title="bbox 244 2691 1748 2759; baseline 0 -18"><span class='ocrx_word' id='word_1_254' title='bbox 244 2698 306 2741; x_wconf 72' lang='lat' dir='ltr'>leo</span> <span class='ocrx_word' id='word_1_255' title='bbox 330 2698 505 2755; x_wconf 80' lang='lat' dir='ltr'>debuit,</span> <span class='ocrx_word' id='word_1_256' title='bbox 536 2707 774 2759; x_wconf 82' lang='lat' dir='ltr'>antequam</span> <span class='ocrx_word' id='word_1_257' title='bbox 802 2701 843 2743; x_wconf 89' lang='lat' dir='ltr'>ei</span> <span class='ocrx_word' id='word_1_258' title='bbox 872 2699 1135 2743; x_wconf 84' lang='lat' dir='ltr'>iniiceretur</span> <span class='ocrx_word' id='word_1_259' title='bbox 1165 2700 1298 2751; x_wconf 81' lang='lat' dir='ltr'>ensis,</span> <span class='ocrx_word' id='word_1_260' title='bbox 1338 2714 1362 2743; x_wconf 90' lang='lat' dir='ltr'>e</span> <span class='ocrx_word' id='word_1_261' title='bbox 1396 2698 1541 2743; x_wconf 86' lang='lat' dir='ltr'>balteo</span> <span class='ocrx_word' id='word_1_262' title='bbox 1571 2691 1644 2759; x_wconf 75' lang='grc' dir='ltr'>(ἔκ</span> <span class='ocrx_word' id='word_1_263' title='bbox 1673 2710 1748 2741; x_wconf 77' lang='grc' dir='ltr'>τε·</span> 
     </span>
     <span class='ocr_line' id='line_1_33' title="bbox 244 2766 1748 2834; baseline 0.003 -21"><span class='ocrx_word' id='word_1_264' title='bbox 244 2766 462 2829; x_wconf 72' lang='grc' dir='ltr'><em>λαμῶνος,</em></span> <span class='ocrx_word' id='word_1_265' title='bbox 499 2774 614 2818; x_wconf 81' lang='lat' dir='ltr'>infra</span> <span class='ocrx_word' id='word_1_266' title='bbox 642 2791 681 2819; x_wconf 86' lang='lat' dir='ltr'>v.</span> <span class='ocrx_word' id='word_1_267' title='bbox 711 2775 816 2831; x_wconf 86' lang='lat'><strong>221)</strong></span> <span class='ocrx_word' id='word_1_268' title='bbox 847 2775 1064 2834; x_wconf 74' lang='lat' dir='ltr'>pendens,</span> <span class='ocrx_word' id='word_1_269' title='bbox 1092 2783 1134 2818; x_wconf 80' lang='lat' dir='ltr'>et</span> <span class='ocrx_word' id='word_1_270' title='bbox 1163 2775 1268 2818; x_wconf 82' lang='lat' dir='ltr'>huic</span> <span class='ocrx_word' id='word_1_271' title='bbox 1296 2774 1441 2818; x_wconf 77' lang='lat' dir='ltr'>balteo</span> <span class='ocrx_word' id='word_1_272' title='bbox 1462 2773 1748 2833; x_wconf 85' lang='lat' dir='ltr'>superiniice-</span> 
     </span>
    </p>
   </div>
  </div>
 </body>
</html>
