1748 3224
196 174 231 223 8
791 189 1109 221 οοωιειπηινε

196 307 308 367 legit
343 307 567 351 nonnulla
590 319 745 348 eorum
768 305 1056 348 Heinrichius
1092 305 1141 347 in
1171 304 1369 362 Prolegg.
1400 319 1444 362 p.
1476 302 1616 362 LIX),
1647 305 1730 348 des.

196 382 255 426 iis
291 381 479 440 singulis
516 379 664 422 dicam
692 394 771 422 suo
799 380 922 431 loco,
964 395 1084 422 nunc
1111 379 1216 422 satis
1243 379 1408 422 habens
1434 380 1580 422 dicere
1609 395 1700 422 non

197 458 352 516 magni
382 454 589 514 ponderis
611 469 659 497 ea
686 454 806 497 mihi
827 454 985 499 videri.
1017 454 1142 498 Scuti
1165 455 1403 498 Auctorem
1427 455 1699 513 rhapsodum
1731 454 1738 483 ἵ

195 531 333 575 fuisse
359 531 452 588 ipsa
479 529 694 572 carminis
723 528 892 572 fabrica
920 530 1250 573 evidentissime
1277 530 1440 586 arguit.
1502 530 1704 587 Namque
1732 544 1735 547 ¹

198 615 253 650 ut
279 622 338 651 ex
361 604 543 650 scholio
566 619 700 663 supra
728 612 976 647 memorato
1004 605 1236 655 discimus,
1268 603 1410 662 primi
1434 619 1591 647 versus.
1609 605 1704 648 eius
1735 633 1745 666 3,

199 684 256 727 56
296 697 354 725 ex
394 681 521 725 Eoeis
561 681 701 737 sumti
743 688 862 724 sunt.
925 680 1003 724 His
1042 681 1278 723 subiuncta
1315 688 1379 724 est
1418 681 1616 723 narratio
1649 681 1704 724 de

196 772 347 816 pugna
380 755 586 800 Herculis
616 763 661 799 et
689 755 854 814 Cycni,
880 771 990 813 quae
1002 788 1022 815 ,Ι
1047 756 1108 807 si,
1140 757 1261 813 quod
1288 771 1380 798 non
1407 755 1526 814 fugit
1550 755 1703 800 Goett·

196 833 419 892 lingium,
463 832 704 875 demantur
741 832 846 875 inde
886 847 1058 883 versus,
1101 830 1264 889 quibus
1301 829 1425 874 Scuti
1466 831 1703 889 descriptio

196 908 477 959 continetur,
518 922 601 966 per
642 922 687 950 se
725 907 959 950 subsistere
1000 908 1092 950 sola
1127 907 1278 964 possit.
1340 907 1588 964 Descriptio
1622 907 1704 950 illa
1744 910 1748 911 ⁷

197 983 370 1026 mediae
410 983 662 1026 narrationi
698 983 931 1026 interiecta
971 990 1049 1026 est.
1107 983 1144 1025 F
1146 983 1373 1025 actum'id
1418 982 1706 1025 Heinrichius

197 1059 396 1118 Prolegg.
425 1074 473 1117 p.
501 1058 623 1103 LXV
649 1074 737 1117 seq.
761 1058 918 1101 statuit
941 1074 964 1100 a
986 1058 1227 1116 rhapsodo,
1261 1059 1389 1115 »qui‚
1417 1074 1522 1100 cum
1542 1058 1597 1100 ab
1616 1057 1707 1100 alio

198 1133 460 1177 »recitatam
491 1133 676 1177 Homeri
714 1124 1028 1176 &evdon-oiim
1068 1149 1229 1191 magno
1259 1134 1517 1176 auditorum
1546 1134 1705 1191 plausu

198 1215 454 1267 »acceptam
493 1208 900 1261 animadvertisset,
941 1208 1046 1251 inde
1076 1208 1288 1251 imitandi
1323 1208 1471 1252 studio
1507 1223 1708 1251 accensus

199 1284 373 1328 »simili
414 1284 712 1343 descriptione
753 1284 1066 1328 celebrandum
1120 1284 1207 1327 sibi
1260 1285 1480 1328 censuerit
1530 1291 1706 1327 scutum
1738 1276 1748 1290 ⁴

200 1359 433 1403 »Herculis
454 1358 834 1419 famigeratissimi
858 1367 957 1402 tum
982 1375 1062 1418 per
1074 1359 1305 1412 Graeciam
1325 1361 1485 1412 herois,
1507 1359 1708 1402 maxime

200 1442 379 1478 »autem
397 1434 586 1493 Thebis5
617 1435 765 1493 itaque
790 1435 1046 1479 recitaverit
1068 1450 1165 1478 eam
1190 1435 1238 1478 in
1261 1435 1381 1478 ludis
1403 1435 1452 1477 in
1479 1435 1571 1493 ipsa
1588 1435 1704 1478 The·

201 1509 391 1554 »barum
422 1510 589 1555 vicinia
618 1511 863 1564 institutis,
903 1512 978 1554 cui
1003 1511 1283 1554 commodam
1311 1512 1377 1554 rei
1407 1511 1708 1569 experiundae

202 1586 501 1629 »occasionem
532 1586 821 1644 praebuerint
852 1586 970 1645 ipsae
1002 1578 1142 1629 ’Horou
1183 1586 1235 1628 ad
1266 1587 1511 1629 certamina
1539 1586 1706 1630 musica

201 1675 290 1704 »ex
320 1676 445 1705 more
469 1661 718 1715 adhibitae,
745 1678 798 1706 ex
822 1678 912 1720 quo
938 1663 1114 1720 integro
1138 1663 1343 1720 poemate
1365 1661 1595 1720 decerptus
1620 1662 1707 1720 ipsi

202 1737 355 1780 »locus
392 1736 447 1779 de
479 1736 693 1780 Alcmena
731 1745 776 1780 et
808 1737 1013 1781 Herculis
1052 1725 1300 1788 natalibus,
1342 1737 1415 1780 sed
1441 1753 1534 1780 non
1562 1744 1706 1789 totus,

203 1827 391 1856 »verum
427 1827 478 1855 eo
516 1819 696 1855 tantum
723 1814 988 1872 perductus,
1029 1828 1117 1872 quo
1149 1813 1202 1856 ad
1242 1811 1446 1855 fabulam
1476 1813 1530 1855 de
1558 1827 1708 1871 pugna

203 1887 437 1932 »Herculis
465 1902 571 1930 cum
602 1886 755 1946 Cycno
788 1895 833 1931 et
860 1888 1008 1931 herois
1038 1882 1284 1931 πανοπλίαν
1313 1890 1544 1947 splendide
1572 1905 1708 1934 exor-

204 1964 425 2008 »nandam
456 1962 777 2022 qualiscunque
806 1964 1021 2007 transitus
1051 1966 1205 2007 esset.”
1267 1964 1322 2007 In
1362 1964 1433 2007 his
1465 1964 1585 2008 nihil
1620 1973 1706 2018 est,

201 2040 320 2099 quod
358 2054 450 2083 non
487 2037 783 2098 probabiliter
817 2039 990 2082 dictum
1025 2039 1144 2082 mihi
1177 2039 1396 2084 videatur.
1460 2038 1544 2083 Sed
1575 2041 1707 2093 addo,

204 2115 326 2159 nihil
379 2114 526 2158 adhuc
566 2113 686 2157 mihi
727 2114 869 2158 videri
913 2129 1180 2173 magnopere
1219 2113 1416 2166 obstare,
1471 2117 1711 2172 quominus

203 2190 451 2250 rhapsodus
488 2189 570 2234 ille
607 2189 763 2233 haberi
804 2190 942 2248 possit
977 2190 1070 2248 ipse
1110 2190 1343 2242 Hesiodus,
1377 2206 1509 2248 quem
1541 2183 1710 2248 πρῶτον

203 2257 468 2326 ῥαψῳδῆσαι
523 2265 741 2309 traditum
782 2272 845 2308 est
885 2265 1133 2323 antiquitus
1172 2264 1280 2324 (vid.
1318 2264 1467 2310 Schol.
1500 2267 1553 2309 ad
1582 2266 1709 2312 Pind.

205 2342 330 2387 Nem.
359 2340 417 2385 11.
449 2339 490 2399 1)
533 2356 752 2399 quemque
781 2341 921 2400 ipsius
949 2340 1206 2384 testimonio
1238 2329 1365 2400 '‘Epy.
1398 2342 1484 2385 654
1507 2357 1591 2399 seq.
1611 2357 1709 2400 cog-

206 2417 416 2461 novimus
463 2416 562 2460 ludi
614 2424 838 2460 certamen
880 2415 1059 2467 obiisse,
1104 2416 1218 2473 quod
1266 2423 1317 2458 ut
1357 2415 1420 2459 ibi
1461 2425 1712 2460 memorata

204 2491 428 2536 occasione
454 2490 580 2544 fecit,
615 2506 719 2534 vero
746 2490 894 2534 simile
924 2497 987 2534 est
1012 2491 1184 2549 saepius
1217 2506 1321 2534 eum
1352 2491 1514 2536 fecisse.
1566 2492 1709 2550 Atque

206 2567 255 2610 in
292 2582 388 2611 eam
426 2568 687 2628 opinionem
724 2566 997 2611 concessisset
1033 2565 1217 2611 fortasse
1258 2568 1350 2626 ipse
1390 2567 1709 2619 Heinrichius,

208 2642 460 2700 benignius,
506 2651 557 2686 ut
589 2643 731 2702 liquet
759 2658 815 2687 ex
850 2642 927 2695 iis,
965 2657 1076 2700 quae
1102 2642 1145 2686 d.
1182 2643 1212 2685 l.
1244 2658 1288 2701 p.
1319 2643 1482 2689 LXVII
1507 2642 1707 2702 scripsit,

208 2732 341 2776 quani
381 2718 581 2764 Wolfiua
609 2726 652 2762 et
690 2718 767 2762 alii
800 2718 898 2765 VV.
926 2718 1018 2764 DD.
1061 2718 1114 2762 de
1150 2719 1230 2761 hoc.
1263 2721 1466 2777 poemate
1492 2719 1709 2770 sentiens,
