1748 3224
568 204 608 235 ιιι
643 202 808 235 mmm
835 202 1018 234 sevi-vu.
1258 244 1266 248 ἢ
1477 184 1541 237 5⁵

108 308 323 375 ἐναρίζων]
384 316 483 361 Νοη
513 317 744 374 adsequor,
771 316 878 374 quid
907 315 994 360 sibi
1020 314 1216 360 voluerit
1240 313 1541 372 Goettlingius

44 391 258 444 notando,
281 391 396 436 hanc
422 392 636 437 vocabulo
665 383 863 451 ἐναρίζων
898 392 1091 437 inditam
1124 388 1423 435 interficiendi
1456 404 1540 432 no-

5 513 6 516 ,
45 467 213 510 tionem
250 468 454 510 nondum
482 475 742 525 usurpatam
776 485 862 513 esse
891 467 1148 513 Homericae
1177 465 1326 510 aetati.
1378 464 1539 509 Passim

4 552 5 595 ᾗ
40 550 106 586 est
151 543 269 601 apud
314 542 559 586 Homerum
603 533 803 600 ἒνοιρίζειν
843 544 925 586 hac
970 541 1165 586 notione.
1238 541 1353 586 Vide
1395 555 1432 584 e.
1474 554 1540 599 gr.

1 606 5 688 ἰ
41 617 98 662 n.
128 619 180 663 Ε.
216 622 316 671 155,
346 619 449 663 844.

0 701 3 736 1
36 719 42 725 .

100 770 268 815 v.198.
310 762 366 824 τῇ
399 760 534 824 ἰκέλη]
586 768 618 813 i.
662 783 700 812 e-
743 768 806 812 ita
851 766 1014 819 efficta,
1058 775 1111 810 ut
1152 775 1405 826 appareret,
1447 781 1543 822 eam

38 844 262 889 concitare
299 843 416 887 velle
455 857 651 901 pugnam
689 851 733 887 et
775 843 958 887 iamiam
1010 843 1137 886 obire
1185 857 1308 888 eam:
1354 857 1545 902 namque

41 921 163 965 huno
207 921 300 964 eius
350 919 555 964 animum
605 934 691 964 esee
737 928 782 963 et
833 928 976 979 gestus
1013 928 1058 963 et
1104 934 1227 963 arma
1273 918 1544 963 indicabant.

39 996 349 1042 Memorantur
377 995 531 1039 ambae
565 1011 724 1039 manus
766 996 860 1040 eius
896 1003 1152 1054 occupatae,
1197 996 1336 1057 altera
1372 995 1543 1038 hastam

40 1079 212 1123 tenens,
272 1073 410 1115 altera
461 1073 652 1130 galeam,
695 1080 747 1115 ut
793 1087 888 1115 eam
930 1087 1040 1116 mox
1089 1073 1225 1130 capiti
1262 1071 1542 1129 impositura.

39 1147 133 1191 Hoc
172 1147 420 1198 intellecto,
471 1147 591 1190 nihil
637 1155 725 1199 est,
770 1162 851 1190 cur
895 1162 1000 1191 cum
1044 1147 1300 1191 Muetzellio
1353 1147 1408 1190 de
1456 1160 1543 1189 em.

40 1223 128 1268 Th.
156 1237 199 1280 p.
227 1223 311 1266 262
344 1222 394 1266 in
425 1229 519 1265 not.
555 1222 724 1279 aliquid
755 1222 828 1264 hic
856 1222 1068 1266 excidisse
1095 1222 1340 1280 suspiceris.
1403 1220 1544 1265 Simi-

38 1298 97 1345 lis
122 1299 269 1356 imago
297 1298 411 1356 apud
441 1298 596 1340 Horat.
630 1298 664 1341 1.
696 1310 774 1342 xv.
810 1299 858 1340 11
891 1313 1031 1356 seqq.:
1075 1299 1168 1341 Iam
1195 1298 1365 1357 galeam
1398 1297 1545 1340 Pallas

40 1383 85 1418 et
113 1373 266 1432 aegida
307 1387 534 1431 currusque
567 1381 609 1415 ec
649 1372 806 1415 rabiem
837 1382 1022 1431 parat,
1063 1374 1118 1415 ad
1156 1388 1267 1431 quae
1305 1373 1546 1417 Mitscher-

14 1449 151 1494 liuh.
191 1455 445 1507 opportune
479 1448 675 1491 contulit
709 1455 753 1491 et
795 1447 842 1492 h.
875 1448 908 1493 1.
950 1456 994 1491 et
1031 1448 1087 1493 Il.
1121 1449 1168 1494 Β.
1201 1449 1286 1492 446
1310 1463 1444 1506 seqq„
1490 1448 1543 1492 E.

42 1527 130 1571 '138
155 1539 270 1582 seqq.

99 1690 144 1719 v.
172 1677 271 1719 199.
315 1665 525 1735 χρυσείην
567 1684 620 1716 τε
662 1666 950 1732 τρυφάλειαν]
1011 1674 1074 1718 Vt
1113 1675 1277 1732 passim
1322 1675 1371 1717 in
1410 1674 1545 1718 huius

40 1751 190 1809 clypei
230 1751 384 1809 figuris
426 1764 557 1794 aurea
604 1765 727 1793 arma
767 1757 1099 1801 memorantur,
1144 1750 1205 1793 ita
1254 1750 1303 1792 in
1343 1751 1432 1794 Dea
1473 1750 1543 1794 vel

41 1827 242 1870 maxime
275 1826 377 1869 talis
408 1827 695 1869 memoranda
722 1834 817 1869 erat
844 1827 990 1884 galea3
1025 1826 1142 1869 unde
1168 1827 1216 1869 in
1246 1826 1382 1868 variis
1413 1839 1546 1884 snper

41 1902 126 1946 hoo
162 1917 292 1946 versu
328 1901 592 1945 coniecturis
621 1886 814 1945 minime
845 1900 1087 1959 probamus
1119 1901 1242 1954 illas,
1272 1902 1433 1958 quibus
1460 1915 1544 1960 pro

10 2014 14 2021 .
41 1971 274 2038 χρυσείην,
304 1978 375 2020 vel
407 1977 626 2036 χρυσέην,
659 1977 781 2020 aliud
810 1978 917 2035 quid
948 1977 1163 2022 infertur.

3 2127 6 2132 “
71 2111 76 2118 ’
100 2141 146 2173 v.
170 2127 271 2172 200.
311 2118 470 2186 αἰγίδα
510 2123 555 2169 τ’
586 2120 710 2184 ἄμφ’
740 2121 888 2185 ὤμοις]
950 2127 998 2171 Si
1026 2142 1169 2172 sermo
1197 2130 1256 2171 sit
1284 2129 1339 2172 de
1367 2130 1541 2188 clypeo,

38 2203 156 2261 quod
193 2201 286 2247 fere
322 2204 503 2262 colligas
542 2218 565 2248 e
603 2219 728 2248 versu
770 2203 892 2248 infra
930 2205 1038 2257 344,
1077 2204 1364 2262 cogitandum
1400 2208 1465 2248 eat
1491 2206 1546 2248 de

41 2280 141 2324 loro
169 2295 202 2323 s.
236 2279 380 2323 balteo
413 2279 465 2323 ad
503 2279 714 2324 humeros
744 2287 918 2338 aptato,
952 2279 1071 2322 unde
1096 2279 1315 2337 pendebat
1339 2281 1550 2338 clypeus,

43 2363 97 2399 ut
123 2355 178 2399 de
201 2355 418 2413 pendente
442 2371 466 2399 e
494 2354 638 2399 balteo
668 2371 767 2399 ense
796 2371 929 2414 supra
960 2370 1003 2399 v.
1034 2356 1118 2399 128
1144 2363 1410 2414 usurpatum
1429 2355 1546 2399 vidi-

43 2419 145 2475 mus
174 2423 297 2488 ἄμφ’
324 2423 515 2487 ὤμοισιν.
577 2429 708 2475 Conf.
739 2430 794 2476 Il.
823 2432 882 2475 Π.
914 2433 1016 2477 803.
1061 2430 1144 2475 Sed
1166 2433 1239 2476 vel
1260 2431 1297 2475 si
1319 2431 1545 2474 thoracem

46 2504 243 2563 intelligi
272 2505 503 2558 coniicias,
537 2513 631 2548 erat
660 2506 742 2549 ille
771 2507 907 2557 etiam
938 2508 1086 2565 aliqua
1117 2508 1291 2551 ratione
1319 2507 1435 2550 circa
1460 2506 1546 2549 hu-

1 2612 3 2614 -
47 2595 191 2624 meros
221 2582 450 2640 aptandus,

108 2748 182 2778 vv.
203 2732 449 2777 201-206.
480 2733 600 2779 Nova
621 2733 793 2792 imago:
827 2735 1022 2778 Deorum
1045 2735 1226 2787 chorus,
1250 2733 1398 2778 medio
1412 2733 1546 2792 Apol-
