1748 3224
189 239 283 288 102
777 254 1101 285 eonnmumvs

245 387 290 416 v.
311 373 411 416 398.
454 365 695 429 κέγχροισι
729 365 826 428 πέρι
861 365 1049 428 ’γλῶχες
1085 356 1334 428 τελέθουσι]
1406 365 1591 429 Γλῶχες
1623 370 1696 412 hic

186 447 401 491 dicuntur
431 446 611 504 spicae,
632 461 739 503 quas
779 445 963 488 milium
999 444 1172 489 emittit
1202 451 1363 486 aestate
1394 444 1485 488 iam
1516 445 1694 493 adulta,

186 537 288 566 cum
322 530 469 564 satum
500 521 619 565 illud
650 520 792 565 fuerit
822 520 996 563 aestatis
1024 520 1174 563 initio.
1213 519 1388 563 Plinius
1407 519 1543 563 etiam
1563 521 1617 564 H.
1639 520 1693 564 N.

187 596 355 641 XVIII.
390 599 416 640 7
458 597 644 640 milium
685 604 910 640 memorat
948 597 998 639 in
1039 596 1240 648 aestivis,
1270 610 1381 653 quae
1410 603 1568 639 aestate
1598 604 1700 640 ante

187 672 496 730 Vergiliarum
529 681 742 716 exortum
773 680 999 717 seruntur.
1051 671 1218 715 Scribit
1246 670 1405 715 Seneca
1427 672 1510 729 Ep.
1526 673 1599 723 86,
1614 672 1697 717 seri

188 763 232 791 se
271 747 435 791 vidisse
474 747 594 791 illud
635 763 785 792 mense
822 749 953 791 Iunio
995 755 1200 791 exeunte.
1269 745 1351 790 Sed
1393 745 1527 792 fuisse
1565 747 1701 792 etiam

187 824 375 871 vernam
404 823 529 869 milii
559 824 777 866 sationem
808 823 1013 870 indicant
1044 822 1298 867 Columella
1330 823 1384 865 de
1414 823 1469 867 R.
1493 823 1547 867 R.
1576 823 1633 867 II.
1658 825 1700 874 9,

191 899 393 958 Geopon.
427 898 486 944 11.
508 901 585 951 38,
618 914 710 943 non
741 899 1029 943 dissentiente
1052 899 1204 942 Plinio
1223 898 1274 943 in
1293 899 1576 956 sequentibus
1597 900 1630 943 l.
1646 914 1700 950 c.‚

188 989 325 1033 quem
368 973 470 1018 vide
507 975 644 1018 etiam
683 975 848 1018 XVIII.
885 975 957 1020 26.
999 974 1023 1033 S
1057 975 1128 1021 66.
1192 974 1388 1032 Cognata
1419 982 1525 1018 sunt
1554 965 1703 1033 γλῶξ,

189 1044 388 1110 γλωχῖν,
403 1043 625 1108 γλῶσσαι,
657 1059 703 1094 et
731 1051 987 1094 communis
1017 1059 1081 1094 est
1111 1049 1324 1094 omnibus
1348 1050 1614 1108 significatio
1637 1051 1703 1092 rei

191 1128 239 1169 in
271 1126 499 1185 cuspidem
532 1126 752 1170 exeuntis.

252 1293 295 1320 v.
316 1280 418 1322 399.
462 1272 530 1324 ὅτ’
560 1274 765 1335 ὄμφακες
789 1272 1065 1338 αἰόλλονται]
1122 1277 1422 1324 Referendum
1451 1279 1536 1322 hoc
1557 1280 1611 1322 ad
1634 1295 1707 1322 su-

193 1354 365 1412 perius,
399 1370 491 1397 non
518 1355 571 1397 ad
598 1355 810 1412 proxime
839 1355 1116 1405 antecedens;
1151 1369 1292 1411 neque
1321 1355 1444 1398 enim
1478 1370 1566 1413 quo
1594 1363 1707 1398 tem-

191 1444 302 1488 pore
322 1430 488 1472 seritur
507 1430 714 1483 milium,
740 1418 811 1473 sed
839 1446 925 1488 quo
947 1439 1149 1489 tempore
1168 1430 1306 1488 spicas
1326 1431 1509 1474 milium
1536 1431 1708 1474 emittit

193 1512 371 1549 mutare
403 1521 513 1549 uvae
542 1507 738 1550 colorem
770 1507 1015 1565 incipiunt.

253 1581 481 1625 Dicuntur
512 1576 717 1638 ὄμφακες
736 1597 849 1625 uvae
870 1583 1157 1633 immaturae,
1172 1582 1364 1627 acerbae.
1389 1581 1587 1640 Cognata
1603 1591 1708 1627 sunt

195 1649 326 1714 ὦμός,
352 1657 521 1709 crudus,
540 1665 586 1700 et
605 1651 725 1713 ὅμοιξ
735 1686 751 1711 ,
785 1651 963 1712 δ’μΕοιξ,
994 1651 1170 1713 ὅμφοιξ.

255 1822 299 1853 v.
323 1808 423 1851 400.
478 1807 541 1853 Vt
577 1807 757 1852 Hesiodi
802 1798 844 1850 ἓν
871 1804 966 1855 ταῖς
992 1801 1159 1855 Ἠοίαις
1201 1809 1309 1851 citat
1353 1809 1608 1853 Athenaeus
1647 1810 1704 1853 X.

195 1899 240 1943 p.
270 1885 355 1927 428
384 1884 440 1927 B:

326 1949 418 2002 Οἷα
450 1951 666 2006 Διώνυσος
700 1951 799 2003 δῶκ’
835 1950 1024 2017 ἀνδράσι
1059 1953 1228 2020 χάρμα
1261 1955 1336 2003 καὶ
1371 1953 1548 2021 ἄχθος,

326 2027 451 2082 ’ὄσ-τις
485 2027 592 2087 ἄδην
624 2029 757 2089 πίνει,
793 2024 899 2082 οἶνος
932 2025 986 2078 δέ
1021 2029 1061 2078 οἱ
1093 2032 1255 2079 ἔπλετο
1288 2028 1480 2095 μάργος.

197 2104 326 2148 Vnde
355 2104 556 2162 priorem
585 2119 762 2148 versum
790 2112 958 2147 temere
985 2104 1074 2147 huc
1101 2106 1367 2149 translatum
1399 2104 1531 2149 facile
1557 2106 1712 2149 adsen-

200 2182 290 2223 tior
304 2180 427 2225 Viris
451 2180 617 2224 Dootis.
662 2179 776 2224 Nam
808 2180 924 2238 quod
947 2179 996 2223 in
1018 2180 1147 2224 Eoeis
1175 2182 1304 2239 poeta
1332 2181 1387 2224 de
1417 2181 1626 2234 maturis,
1663 2182 1709 2229 ni

200 2254 359 2312 fallor,
393 2256 493 2299 uvis
524 2264 642 2299 recte
667 2256 856 2299 omnino
878 2255 1080 2308 dixerat,
1111 2271 1203 2300 non
1233 2256 1342 2300 item
1373 2265 1490 2300 recte
1515 2258 1604 2301 dici
1633 2273 1710 2316 po·
1735 2311 1741 2318 ¹

199 2332 289 2375 tuit.
321 2332 375 2375 de
408 2332 680 2376 immaturis.

261 2501 301 2527 v.
331 2485 431 2527 401.
476 2478 550 2538 τὴν
583 2476 683 2543 ὥρην
717 2477 956 2543 μάρναντο]
1017 2485 1267 2544 Respondet
1299 2486 1575 2545 praecedenti
1601 2473 1710 2542 ἦμος

205 2560 246 2602 in
286 2576 325 2604 v.
359 2562 462 2604 393.

265 2727 335 2756 vv.
372 2714 607 2759 402-404
640 2715 766 2758 uncis
793 2715 975 2760 inclusit
1001 2714 1326 2773 Goefflingius,
1348 2722 1400 2757 ut
1426 2715 1540 2758 alius
1559 2729 1707 2758 recen-

203 2787 338 2831 sionis
370 2804 451 2846 pro
488 2790 682 2833 voi-sibus
718 2792 964 2835 405-411.
1031 2790 1244 2834 Dissentit
1282 2791 1505 2842 Rankius,
1542 2806 1618 2833 nec
1643 2798 1707 2832 ta·
