1748 3224
240 239 306 288 68
832 255 1153 287 communmvs

244 376 355 419 bene
384 372 610 420 monenti,
642 372 807 429 passim
838 372 887 414 in
917 372 1003 415 hoc
1030 372 1230 415 carmine
1259 373 1501 415 memorari
1532 371 1748 428 cuiusque.

245 449 456 508 imaginis
485 446 739 489 materiam.
800 445 935 490 Conf.
973 446 1227 505 inprimis
1265 461 1310 489 v.
1349 447 1452 499 192,
1491 447 1600 498 220,
1633 447 1748 499 222,Ι

243 526 331 568 225
359 538 468 580 seq„
496 523 597 573 313,
625 521 702 564 ubi
731 537 910 580 prorsus
937 522 1088 565 eadem
1117 529 1183 564 est
1207 521 1423 578 positura.
1482 521 1625 574 Tum,
1655 530 1746 579 quo

245 601 398 643 minus
431 599 485 641 de
519 597 708 642 veritate
746 598 1069 641 emendationis
1099 597 1295 648 dubites,
1327 596 1413 639 hoc
1445 594 1573 648 facit,
1601 598 1745 654 quod,

242 690 331 733 quo
360 672 789 732 temporeprimum
817 673 1036 730 scriptum
1066 680 1130 715 est
1158 673 1243 715 hoc
1265 686 1468 723 carmen,
1496 672 1572 715 vel*
1596 672 1748 715 sinon

244 749 472 806 antiquius
499 747 599 791 fuit
639 747 924 792 Onomacriti
964 756 1126 800 aetate,
1167 755 1276 791 tam‘
1298 747 1522 805 genitivus
1556 748 1748 806 pluralis

244 825 475 873 adiectivi,
511 824 973 882 quamadverbium,
1018 839 1106 867 una
1143 824 1380 880 eademque
1410 823 1584 866 ratione
1613 823 1748 867 scribi

242 899 410 943 solebat
439 898 738 943 XAAKEON·
804 899 1082 943 Adverbium
1114 913 1201 941 esse
1230 899 1399 943 maluit
1426 898 1649 942 recentior
1668 898 1748 942 'da-

245 976 476 1033 ctylorum
507 975 703 1018 studiosa
730 981 858 1019 aetas,
919 973 1074 1017 Potuit
1112 981 1260 1016 autem
1299 973 1470 1018 clamor
1502 974 1748 1018 mulierum

249 1052 296 1094 in
325 1050 521 1109 imagine
549 1065 606 1093 ex
633 1065 788 1095 earum
820 1065 897 1092 ore
923 1049 1115 1093 diducto·
1134 1049 1305 1107 colligi.
1589 1058 1592 1060 ’

305 1218 349 1247 v.
370 1203 473 1246 246.
517 1193 660 1259 ἀθρόοι
695 1193 897 1245 ἔκτοσθεν
929 1196 1098 1244 πυλέων
1132 1196 1251 1260 ’ἑο-αν]
1313 1201 1412 1244 Non
1444 1201 1576 1245 abre
1599 1201 1748 1244 incon-

246 1293 415 1335 gruum
443 1286 558 1330 erat,
578 1286 637 1321 ,ut
659 1286 760 1321 ante
779 1283 931 1336 portas
951 1278 1072 1321 urbis
1092 1277 1382 1321 exhiberetur
1401 1277 1559 1335 globus
1577 1285 1748 1328 senum,

245 1369 356 1411 quos
378 1354 446 1397 ,de
486 1354 642 1397 liberis
676 1354 767 1397 suis
807 1362 936 1396 extra
975 1352 1134 1396 urbem
1168 1351 1470 1411 pugnantibus
1499 1351 1748 1396 sollicitudo

246 1445 296 1471 eo
332 1430 634 1488 compulerat,
675 1428 754 1471 ubi
784 1436 958 1486 possent
989 1436 1033 1471 et
1068 1428 1327 1471 vulneratos
1355 1428 1559 1485 excipere
1586 1434 1630 1470 et
1658 1425 1748 1470 for-

246 1508 355 1547 tasse
400 1505 495 1563 ipso
539 1504 745 1561 adspectu
796 1519 875 1546 suo
925 1503 1196 1560 monitisque
1250 1502 1449 1545 iuniores
1492 1502 1546 1545 ad
1589 1501 1748 1545 fortius

248 1580 540 1638 pugnandum
572 1581 782 1623 excitare.

310 1733 455 1776 v.249
473 1744 585 1789 seqq.
635 1726 762 1788 Κῆρες
795 1722 999 1788 κυάνεαι]
1063 1728 1180 1773 Sunt
1211 1729 1283 1773 hic
1313 1725 1441 1787 Κῆρες
1470 1742 1608 1780 neces,
1629 1742 1748 1771 mor-

251 1815 341 1850 tem
383 1806 623 1851 inferentes
662 1807 799 1858 Deae,
840 1805 1048 1850 disertius
1079 1800 1206 1863 Κῆρες
1241 1796 1443 1848 θανάτοιο
1483 1803 1625 1851 dictae
1655 1802 1748 1851 Ho-t·

248 1897 374 1926 mero
405 1882 460 1926 11.
485 1883 534 1926 Β.
563 1883 664 1934 302,
679 1881 742 1927 M.
758 1882 860 1934 326,
883 1889 926 1924 et
943 1881 1138 1925 Pindaro
1158 1881 1275 1939 apud
1300 1878 1748 1935 Plutarcanuaestt.

251 1958 393 2003 Conv.
432 1958 511 2002 IX.
555 1961 623 2002 15.
671 1974 716 2017 p.
763 1958 849 2001 748
895 1958 944 2000 Β.
1010 1956 1177 2000 Habuit
1223 1970 1359 1999 unam
1407 1955 1568 1998 harum
1613 1953 1748 2004 etiam

252 2033 445 2077 Achillis
473 2034 674 2091 clypeuS,
707 2033 760 2075 11.
794 2034 844 2075 Σ.
880 2035 964 2076 535
1000 2047 1138 2090 seqq.,
1171 2031 1248 2074 ubi
1274 2046 1421 2074 versus
1453 2031 1538 2073 540
1572 2029 1748 2073 brevius

253 2111 295 2154 id
328 2110 572 2169 exprimit,
603 2109 723 2166 quod
753 2108 798 2152 h.
830 2109 865 2154 l.
898 2108 1092 2154 traditur
1115 2123 1172 2155 iv.
1209 2109 1292 2151 251
1324 2122 1439 2164 seqq.
1506 2102 1748 2155 Exhibitae

250 2192 398 2230 autem
451 2185 498 2228 in
548 2184 753 2229 Herculis
795 2184 956 2242 clypeo
1002 2178 1127 2240 Κῆρες
1172 2182 1462 2226 conveniente
1506 2181 1561 2225 iis
1604 2181 1748 2224 colore

251 2252 427 2314 κυάνεαι
457 2260 685 2311 dicuutur,
715 2267 765 2302 ut
791 2259 964 2303 Latinis
991 2258 1154 2317 passim
1185 2273 1298 2301 mors
1325 2267 1439 2310 atra,
1471 2265 1514 2299 et
1544 2256 1606 2300 sic
1637 2252 1748 2314 Κῆρα

249 2319 458 2391 sababum
490 2335 701 2378 Hesiodus
740 2334 863 2378 dixit
903 2334 1007 2378 Tha
1031 2334 1132 2377 211.
1197 2333 1311 2377 Cum
1360 2340 1565 2391 sequente
1600 2338 1748 2375 aut‘em

251 2410 323 2452 hic
349 2426 501 2453 earum
532 2411 829 2469 descriptione
852 2409 1083 2459 convenit,
1113 2409 1228 2466 quod
1252 2408 1484 2451 Pausanias
1514 2407 1568 2451 V.
1593 2420 1693 2451 xnc.
1722 2411 1748 2452 6

254 2486 299 2529 in
329 2501 428 2530 arca
448 2486 631 2545 Cypseli
657 2485 916 2529 exhibitum
943 2483 1076 2528 fuisse
1096 2485 1182 2528 ait:
1218 2478 1502 2530 Πολυνείκους
1535 2474 1748 2533 &ma-osv

251 2553 431 2614 ’ἔστηκεν
463 2554 684 2610 ὀδόντας
718 2573 768 2604 τε
802 2555 982 2622 ἔχουσα
1014 2553 1133 2606 οὐδὲν
1166 2554 1450 2619 ἡμερωτέρους
1483 2550 1643 2617 θηρὶου,
1677 2553 1748 2603 καὶ

252 2633 294 2679 ol
317 2633 392 2681 καὶ
425 2631 510 2682 τῶν
545 2634 700 2700 χειρῶν
735 2632 839 2681 εἰσιν
872 2628 1137 2693 ἐπικαμπεῖς
1164 2633 1202 2680 οἱ
1236 2630 1408 2695 δ’νυχε
1422 2642 1454 2683 ς·
1479 2625 1748 2694 ἐπίγραμμα

251 2703 302 2756 δί·
350 2705 421 2756 ἐπ’
471 2708 582 2771 αὐτῇ
631 2703 735 2757 εἶναι’
786 2710 899 2770 <pne-c
947 2708 1120 2770 Κῆρα,
1171 2711 1246 2756 ubi
1292 2726 1432 2769 neque
1477 2712 1633 2757 huius·
1659 2711 1745 2755 loci

250 2788 379 2833 obliti
413 2797 518 2833 sunt
552 2790 829 2847 interpretes.
