1748 3224
216 205 285 253 ⁵6
808 220 1129 251 couussunmvs

218 337 314 388 line
359 336 414 379 iis
461 335 685 378 accinente
727 335 922 389 cithara3
967 337 1176 395 proxime
1225 335 1473 395 Olympus,
1515 326 1748 397 Deorumt

219 412 356 464 sedes,
395 410 558 454 referta
588 409 764 454 divitiis
793 411 940 454 omnis
967 412 1161 470 generi8‚
1203 411 1454 456 exhilarata
1484 412 1742 456 Musarum

214 496 363 532 cantu.

280 654 323 682 v.
346 640 448 681 203.
492 629 593 680 θεῶν
616 629 654 680 δ’
683 629 780 684 ἕδος
799 629 935 696 ἁγνὸς
952 626 1215 695 ”Ολυμπος]
1266 636 1383 680 Cum
1407 636 1545 680 Codd.
1566 651 1717 679 omnes
1743 674 1748 694 .:

219 716 267 756 in
305 713 377 756 his
416 712 592 756 tuendis
629 713 909 756 consentiant
944 714 1170 771 (excepto,
1211 712 1328 769 quod
1366 705 1500 770 ἁγνὸν
1535 698 1748 774 (1111111ιωῖ

218 803 303 847 pro
333 780 507 846 ἁγνὸς),
539 788 752 831 servanda
782 787 888 830 haec
912 787 1028 830 duxi
1058 788 1109 831 in
1130 795 1360 832 contextu.
1423 788 1622 831 Multum
1653 795 1719 831 ta-

217 878 323 906 men
362 862 506 914 abest,
549 870 601 904 ut
637 877 895 920 persuasum
931 862 1051 905 mihi
1092 862 1302 916 habeam,
1349 865 1527 920 po'etam
1563 877 1612 906 ea
1657 859 1748 922 sieg

217 938 416 982 edidisse.
475 937 682 980 Primum
714 938 833 981 illud
863 930 1000 997 ἁγνὸς
1029 938 1172 990 mihi,
1212 945 1265 980 ut
1299 938 1423 990 aliis,
1460 937 1613 980 minus
1642 937 1720 981 vi-
1746 931 1748 974 Ῐ

217 1016 348 1057 detur
391 1013 591 1077 Olympo
635 1013 924 1063 conveniens3
976 1013 1137 1056 deinde
1182 1013 1350 1055 durum
1399 1021 1464 1056 est
1505 1012 1720 1070 omissum

200 1081 260 1132 ’ἓν
298 1081 340 1133 δ’
368 1076 438 1143 ἦν,
479 1089 530 1132 in
565 1103 654 1146 quo
684 1089 888 1146 suppleto
918 1088 1105 1131 unicum
1135 1095 1200 1131 est
1231 1087 1457 1131 laboranti
1487 1088 1721 1133 iuncturae

216 1164 510 1208 subveniendi
555 1163 821 1207 remedium.
900 1163 959 1207 At
1001 1178 1143 1221 neque
1177 1163 1469 1206 substitutum
1517 1164 1748 1221 primum,

218 1241 273 1283 ab
311 1241 366 1284 D.
406 1239 609 1291 Heinsio,
651 1246 879 1297 receptum
914 1239 1074 1282 deinde
1114 1237 1168 1281 ab
1211 1238 1313 1282 aliis
1354 1231 1523 1298 ἄγνυτο
1554 1240 1718 1298 placet,

217 1325 318 1360 tum
347 1316 468 1375 quod
498 1323 647 1374 peccat
669 1314 720 1357 in
749 1314 996 1374 digamma,
1027 1322 1128 1357 tum
1166 1322 1211 1357 et
1243 1315 1385 1373 magis
1414 1315 1551 1359 etiam
1578 1315 1718 1373 quod,

216 1401 269 1436 ut
305 1400 423 1436 recte
459 1392 549 1435 iam
591 1391 910 1436 animadvertit
950 1390 1323 1434 Bauermeisterus
1359 1389 1482 1436 Obss.
1525 1391 1574 1435 in
1620 1391 1720 1436 Hes.

217 1469 418 1512 carmina
447 1484 494 1527 p.
527 1469 602 1519 16,
644 1467 734 1510 nisi
762 1467 816 1510 de
845 1466 1109 1525 gravissimo
1140 1474 1185 1509 et
1213 1465 1460 1510 fortissimo
1490 1483 1597 1511 sono
1629 1467 1721 1510 dici

219 1545 378 1602 possit,
414 1543 495 1601 qui
531 1559 623 1586 non
661 1542 899 1586 conveniat
940 1542 1049 1584 huic
1079 1542 1200 1592 loco,
1243 1541 1323 1584 ubi
1360 1541 1522 1599 Apollo
1560 1536 1721 1600 ἱμερόεν

219 1611 421 1677 κιθάριζε.
496 1616 632 1670 Sane,
672 1618 710 1660 si
746 1617 901 1660 citatos
931 1633 956 1660 a
987 1616 1179 1661 Graevio
1210 1624 1254 1660 et
1283 1617 1549 1661 Heinrichio
1579 1619 1718 1671 locos,

216 1695 378 1754 quibus
407 1709 539 1738 usum
570 1693 698 1737 verbi
728 1684 972 1752 ἄγνυσθαι,
1011 1693 1156 1751 qualis
1185 1692 1233 1737 h.
1257 1694 1288 1736 l.
1318 1693 1595 1751 requiratur,
1615 1708 1719 1737 con-

216 1771 450 1814 firmatum
473 1770 649 1821 volunt,
671 1768 891 1826 inspicias,
904 1768 1189 1811 statuendum
1204 1768 1290 1811 tibi
1305 1769 1392 1812 erit
1409 1783 1512 1811 cum
1527 1769 1718 1822 Rankio,

215 1845 338 1888 nihil
380 1860 467 1888 ease
504 1846 555 1888 in
592 1844 648 1888 iis
678 1844 874 1888 eiusdem
904 1844 1089 1902 generis.
1155 1844 1306 1902 Itaque
1341 1844 1527 1888 Guietus
1555 1836 1719 1904 {hyvvr’

208 1910 449 1976 ’Ὄλυμπος
473 1920 760 1980 (pandebatur
775 1918 1020 1979 Olympus)
1039 1920 1260 1978 scriptum
1284 1921 1454 1970 voluit:
1477 1920 1549 1963 sed
1569 1920 1653 1963 hoc
1675 1927 1721 1962 et

218 1996 395 2054 longius
420 1996 515 2039 abit
538 2011 562 2039 a
589 1996 784 2053 vulgata.
805 2003 850 2038 et
874 1995 1020 2039 nescio
1040 2011 1096 2039 au
1116 2011 1229 2049 non,
1250 2003 1301 2039 ut
1319 1987 1543 2055 σ’ίγνυσθαι
1565 1992 1720 2050 πύλαι,

219 2071 280 2114 ita
319 2080 436 2116 recte
471 2071 646 2115 dicatur
671 2060 912 2126 ''onum-roc
949 2062 1186 2130 α’ίγνυσθαι.
1254 2070 1415 2114 Facilis
1444 2070 1625 2128 quidem
1657 2078 1721 2113 est

217 2147 481 2207 expediendi
514 2162 559 2191 se
597 2162 656 2190 ex
688 2146 758 2189 his
795 2145 1134 2190 difficultatibus
1163 2146 1260 2199 via,
1301 2146 1339 2190 si
1371 2148 1442 2191 vel
1474 2161 1578 2189 oum
1608 2146 1721 2190 Din-

217 2223 360 2268 dorfio
382 2224 587 2282 spurium
615 2237 792 2268 versum
817 2223 904 2267 203
934 2221 1116 2275 habeas,
1143 2223 1213 2266 vel
1237 2237 1338 2266 cum
1370 2222 1720 2266 Bauermeistero

216 2299 391 2343 reiectis
427 2298 585 2342 mediis
616 2298 771 2356 iungas
809 2290 997 2358 χρυσείῃ
1036 2291 1276 2357 φόρμιγγι·
1320 2289 1412 2341 θεαὶ
1449 2288 1488 2340 δ’
1531 2287 1723 2357 ἐξῆρχον.

218 2366 396 2428 ἀοιδῆςς
428 2374 501 2417 sed
533 2373 740 2417 audacior
771 2380 958 2431 utraque
989 2372 1145 2431 agendi
1167 2373 1307 2424 ratio,
1329 2379 1403 2430 et,
1424 2371 1462 2415 si
1482 2371 1619 2430 possit
1637 2371 1719 2415 illa

219 2448 556 2494 Bauermeisteri
595 2449 784 2507 placere,
823 2446 940 2507 quod
974 2447 1038 2491 sic
1075 2447 1223 2491 Musae
1263 2448 1317 2491 de
1353 2462 1477 2490 more
1513 2446 1720 2505 Apollini

217 2525 545 2583 adiunguntur,
569 2532 616 2567 at
638 2538 799 2582 parum
830 2523 1060 2567 commode
1086 2523 1147 2565 sic
1178 2523 1362 2567 tollitur
1380 2521 1571 2582 Olympi
1595 2535 1721 2565 men·

220 2601 302 2652 tio,
329 2616 433 2644 cum
458 2608 607 2644 tamen
638 2600 842 2644 videatur
871 2598 1059 2643 indicari
1084 2598 1282 2642 debuisse
1303 2598 1409 2642 initi
1433 2597 1560 2641 chori
1581 2597 1716 2648 locus.

218 2674 493 2735 Olympique
523 2675 670 2719 addita
704 2675 849 2734 imago
889 2674 1058 2733 aliquid
1097 2673 1298 2718 conferre
1332 2674 1530 2732 potuerit
1560 2673 1613 2716 ad
1643 2672 1719 2716 de-

217 2751 477 2797 clarandum
521 2749 725 2794 exhiberi
768 2749 963 2793 Deorum
1005 2748 1209 2794 chorum.
1285 2747 1480 2793 Coniicit
1519 2746 1718 2792 Rankius
