1748 3224
582 217 621 245 m
656 214 821 246 mssmm
853 213 1029 247 scv'rvn.
1497 200 1559 250 23

49 377 54 387 Ι
111 345 160 381 γ.
198 331 253 373 79
279 342 366 385 seq.
410 323 511 383 μετ’
539 322 786 376 ἀθανάτους
821 350 888 360 —-
916 322 1085 388 ἤλιτεν]
1146 330 1326 374 Dictum
1360 329 1431 373 hic
1459 327 1560 386 μετ’

45 394 302 467 ’,ἀθανάτους
321 419 404 462 pro
425 398 483 452 εἷς
514 406 835 464 agnoscendum
856 413 902 448 et
922 404 1158 448 ferendum
1179 405 1409 449 duxerunt
1429 404 1563 449 Scho—

0 465 2 510 ,
41 478 227 531 diesne,
265 479 428 537 quibus
465 480 634 524 adsensi
662 480 717 524 H.
754 479 1006 538 Stephanus
1037 481 1087 523 in
1125 481 1234 524 Lex.
1268 496 1312 539 p.
1339 482 1428 526 894
1455 481 1492 525 F
1518 490 1561 525 et

35 555 200 614 rffileyn.
247 557 299 599 ad
343 556 398 600 11.
437 557 490 598 T.
520 557 630 611 265,
667 570 809 613 neque
838 564 1057 614 repugnat
1097 543 1417 602 Boissonadi'us.
1477 558 1561 610 At,

2 662 3 668 ,
33 655 35 662 v
50 631 199 689 judice
227 632 425 683 Rankio,
466 631 529 674 ita
564 639 628 674 est
663 640 816 675 contra
847 646 978 675 usum
1015 633 1163 691 epicae
1195 633 1338 690 po‘esis
1368 648 1562 692 ψηκ-

50 715 179 763 tum,
212 716 262 751 ut
289 709 415 752 nulla
444 707 618 751 ratione
643 705 755 751 ferri
786 715 863 750 eut
891 707 1069 751 defendi
1104 710 1257 766 possit.
1299 708 1387 752 Nec
1417 709 1560 761 mihi,

48 798 140 840 quo
168 781 416 832 defendam,
451 783 651 841 suppetit
677 783 967 846 exemplum,
996 783 1085 826 nisi
1107 782 1290 826 fortasse
1316 794 1459 828 unum
1480 784 1564 829 hoc

53 859 109 903 ll.
132 858 186 903 N.
215 860 326 902 301.
360 850 572 918 Ἐφύρους
600 854 723 915 μέτα
751 850 1055 915 θωρήσσεσθον.
1112 859 1324 903 Attamen
1360 859 1411 903 in
1437 867 1563 903 tanto

52 933 266 979 Codicum
302 939 404 990 μετ’
437 934 510 977 hic
537 935 764 978 tuentium
794 950 1005 978 consensu
1047 935 1412 992 acquiescendum
1436 934 1564 979 nobis

52 1018 163 1067 puto
190 1009 239 1053 in
268 1010 486 1061 notando,
514 1011 630 1067 quod
659 1025 814 1053 rarum
847 1018 895 1063 et
925 1010 1095 1053 mirum
1135 1011 1352 1054 videatur.

1 760 13 786 v

115 1176 186 1204 vv.
220 1162 394 1204 79—94
433 1162 545 1205 alius
581 1177 668 1205 esse
705 1162 896 1205 auctoris
933 1162 1152 1220 auspicato
1193 1160 1457 1204 Thierschio
1495 1159 1565 1218 (de

23 1235 240 1281 Hesiodo
269 1252 314 1295 p.
352 1234 426 1294 28)
470 1236 729 1295 suffragatus
766 1237 816 1280 in
851 1237 1004 1295 plioie
1043 1237 1110 1281 ed.
1146 1235 1474 1294 Goettlingius‚
1514 1237 1565 1280 in

15 1317 18 1326 “
50 1312 190 1356 altera
214 1319 314 1370 post
341 1311 590 1356 Hermanni
620 1313 846 1357 monitum
874 1311 1038 1380 Opusc.
1068 1313 1121 1355 T.
1149 1312 1229 1357 VI.
1258 1327 1302 1370 p.
1335 1313 1421 1355 194
1448 1320 1566 1356 recte

15 1375 317 1438 sententiam
346 1389 560 1440 mutavit,
587 1402 721 1445 quem
751 1388 801 1430 in
821 1387 986 1446 primis
1011 1388 1180 1439 movit,
1197 1387 1315 1444 quod
1337 1388 1420 1431 illa
1442 1402 1486 1431 v.
1508 1388 1565 1432 78

13 1454 224 1519 .βροτὼ”ν
247 1455 364 1505 πολὺ
387 1457 585 1519 <Dim-esre
605 1456 783 1506 πάντων
801 1462 955 1506 statim
975 1462 1204 1520 excipiens
1221 1477 1263 1506 v.
1283 1463 1340 1505 95
1363 1449 1394 1504 ὦ
1416 1456 1563 1518 φίλος,

19 1523 179 1590 Ῐιῶλλὶι
207 1531 267 1581 σὺ
294 1551 336 1581 κ.
361 1551 405 1580 τ.
427 1540 472 1579 λ.
505 1553 686 1596 prorsus
711 1540 956 1597 langueret.
1022 1538 1340 1582 Thierschium
1373 1539 1564 1583 offende-

5 1614 123 1683 brat
151 1622 316 1658 sortem
355 1629 480 1658 suam
519 1614 756 1672 deplorans
785 1615 1018 1667 Hercules,
1059 1614 1175 1671 quod
1213 1614 1289 1658 illi
1324 1614 1565 1672 indignum

8 1731 11 1740 ἱ
55 1691 139 1735 hoc
174 1690 308 1734 heroe*
332 1690 493 1735 visum.
530 1688 613 1733 Sed
641 1690 751 1733 bene
777 1689 1098 1734 animadvertit
1119 1690 1342 1743 Rankius‚
1372 1689 1566 1748 potuisse

54 1766 235 1809 heroem
266 1766 471 1823 quamvis
503 1764 667 1808 fortem
699 1767 827 1823 queri
868 1766 922 1808 de
949 1764 1264 1823 ingruentibus
1303 1765 1364 1808 sic
1393 1779 1567 1823 semper

12 1838 17 1846 '¹
54 1840 141 1884 sibi
169 1842 264 1884 sine
291 1841 551 1884 remissione
580 1841 834 1893 laboribus,
865 1848 965 1883 tum
994 1842 1038 1883 e't
1066 1847 1156 1883 tam
1190 1849 1307 1883 arcte
1333 1840 1567 1883 cohaerere

7 1922 10 1923 ⁷
56 1916 189 1960 verba
224 1917 429 1960 Herculis
466 1932 571 1959 cum
608 1917 719 1961 Iolai
755 1930 988 1975 responso,
1029 1923 1083 1958 ut
1121 1916 1177 1959 iis
1217 1915 1401 1959 remotis
1427 1916 1565 1959 etiam

16 2046 17 2049 Ἴ
56 1992 140 2035 hoc
171 1993 411 2036 delendum
440 1991 580 2045 foret,
620 2001 751 2050 atque
792 1993 854 2035 ita
891 1992 1070 2035 abiectis
1105 1991 1341 2041 omnibus,
1373 2006 1484 2049 quae
1513 1991 1566 2034 ad

54 2082 151 2111 rem
181 2067 487 2111 exornandam
518 2067 736 2120 facerent,
770 2069 863 2126 ipsa
890 2068 1038 2126 epicae
1064 2068 1206 2125 poesis
1236 2068 1407 2110 indoles
1436 2082 1565 2125 pror-

56 2160 126 2187 sus
155 2144 529 2201 exstingueretur.

117 2310 159 2339 v.
181 2296 255 2339 88.
283 2284 406 2336 ἵκετο
429 2285 472 2336 δ’
495 2286 554 2340 εἶς
578 2287 781 2351 Κρείοντα
805 2290 881 2336 καὶ
905 2288 1112 2354 Ἠνιόχην
1141 2295 1271 2346 citat.
1304 2302 1353 2337 ut
1373 2294 1565 2344 Hesiodi,

58 2369 207 2417 Schol.
235 2369 373 2428 soph.
401 2370 553 2427 Antig.
588 2385 628 2413 v.
657 2372 771 2415 1180
801 2370 1030 2422 Brunckii,
1059 2371 1108 2414 in
1135 2386 1224 2429 quo
1253 2386 1381 2414 versu
1403 2369 1567 2414 Creon-

58 2446 116 2490 tis
161 2460 280 2489 uxor
290 2446 535 2565 ΞΕυιὙάἰοε
567 2454 765 2490 vocatur.
796 2447 1035 2490 Hesiodum
1065 2447 1267 2504 sequitur
1297 2445 1448 2489 Schol.
1478 2444 1566 2489 Ho-

0 2543 11 2572 χι
61 2522 173 2564 meli
204 2521 259 2565 ΙΙ.
328 2522 478 2565 .323.

123 2688 164 2716 v.
182 2674 253 2716 84.
305 2666 472 2730 ἄρμενα.
518 2674 782 2717 vocabulum
830 2674 1108 2718 Hesiodeum.
1195 2675 1297 2718 Vid.
1340 2674 1428 2717 Th.
1460 2674 1570 2723 639,

4 2779 8 2783 .
55 2736 179 2806 '‘Epy.
217 2750 317 2799 405,
349 2750 449 2802 540,
478 2751 582 2793 sos.
