1748 3224
527 235 533 241 Ι
571 207 613 238 ιη
645 206 812 239 nnsiom
840 205 1018 239 scm-vu.
1482 186 1543 239 15

46 321 252 381 Apollod.
305 321 338 364 l.
389 336 427 364 c.
477 322 499 380 S
547 324 575 366 6
629 323 788 374 tradit,
838 313 1028 380 ἡγνίσθη.
1105 318 1234 364 Conf.
1285 317 1434 363 Schol.
1487 322 1538 363 ad

44 397 99 441 Il.
130 398 193 439 Ω.
225 397 326 440 480.
1116 389 1125 404 ⁸
1156 401 1169 416 ”

102 559 146 592 v.
177 550 248 591 15.
286 539 439 604 νόσφιν
478 540 583 605 ἄτερ
623 542 722 604 φιλ.
759 538 862 605 EQ]
925 547 1043 592 Cum
1074 562 1098 589 a
1125 547 1313 605 Taphiis
1343 553 1388 589 et
1414 547 1541 590 Tele-

8 654 9 663 ,
42 621 136 670 bois
161 623 210 666 in
236 638 384 681 pugna
413 620 639 666 interfecti
662 622 848 666 fuissent
873 623 1154 681 Electryonis
1177 623 1287 675 filii,
1319 630 1446 681 pater
1470 636 1544 666 eos

8 711 9 716 ¹
41 698 195 742 ulcisci
237 698 419 756 cupiens
457 699 598 742 filiam
637 713 763 742 suam
811 698 1072 742 Alcmenam
1113 699 1436 757 Amphitryoni
1477 699 1540 742 ita

39 775 290 827 oomminit,
330 781 380 817 ut
413 774 470 817 ab
507 790 559 818 eo
599 774 909 817 iusiurandum
948 774 1166 832 exigeret,
1200 772 1297 818 fore
1328 783 1380 817 ut
1407 774 1538 818 illam

43 850 264 908 virginem
291 858 508 903 servaret,
541 864 676 908 usque
703 851 818 893 dum,
837 850 932 908 ipse
949 850 1005 893 ab
1031 851 1316 909 expeditione
1343 865 1543 894 reversus

2 921 16 965 s
39 933 160 969 esset.
225 925 342 971 Cum
371 940 475 969 vero
504 925 786 984 Electryonis
812 925 1051 970 consilium
1082 926 1276 969 insecuta
1303 925 1397 969 eius
1418 940 1541 969 mors

40 1001 283 1055 turbasset,
325 1001 561 1053 Alcmena,
609 1000 726 1060 quod
773 1002 865 1059 ipsa
906 1016 1078 1058 quoque
1119 1001 1313 1044 fratrum
1352 1001 1547 1045 ultionis

3 1103 7 1108 ·
38 1077 231 1120 studiosa
259 1086 383 1129 esset,
416 1078 674 1136 coniugium
706 1093 839 1119 suum
866 1077 1072 1135 promisit
1100 1078 1166 1128 ei,
1212 1078 1290 1135 qui
1314 1077 1542 1121 ultionem

36 1166 133 1194 eam
154 1154 402 1211 peregisset.
464 1154 579 1198 Vide
604 1153 709 1196 haec
739 1161 995 1196 narrantem
1026 1154 1234 1210 Apollod.
1260 1155 1291 1196 l.
1321 1169 1358 1197 c.
1385 1153 1407 1211 S
1429 1155 1470 1206 6,
1494 1156 1534 1204 7,

35 1227 211 1271 collatis
238 1228 420 1272 scholiis
449 1229 504 1271 ad
530 1228 662 1272 Hom.
691 1227 775 1272 Od.
797 1228 855 1271 A.
886 1230 988 1280 265,
1018 1230 1071 1271 ad
1094 1230 1304 1287 Apollon.
1328 1229 1418 1272 Rh.
1438 1230 1536 1282 l.c.,

36 1303 109 1346 cui
135 1305 383 1347 narrationi
403 1304 524 1347 nihil
552 1305 624 1347 hic
651 1304 768 1362 apud
788 1305 966 1362 poetam
990 1312 1066 1354 est,
1089 1305 1206 1362 quod
1228 1306 1361 1363 plane
1379 1305 1535 1355 obstet,

13 1367 260 1437 ‘'quamvia,
303 1380 341 1423 si
380 1380 463 1423 illa
502 1395 594 1423 non
637 1387 849 1431 exstaret,
892 1379 1074 1422 fortasse
1110 1380 1158 1422 in
1188 1387 1384 1422 mentem
1410 1380 1540 1422 nobis

7 1475 17 1518 ἑ
37 1455 260 1499 incidisset
282 1456 514 1507 coniicere,
533 1471 580 1499 ea
603 1457 697 1514 lege
717 1464 944 1514 receptum
967 1456 1295 1513 lustratumque
1308 1471 1331 1498 a
1348 1455 1541 1500 Creonte

37 1529 171 1575 suinae
211 1531 620 1590 Amphitryonem,
663 1540 713 1575 ut
737 1532 792 1574 ab
822 1532 976 1589 uxoris
1001 1531 1240 1574 concubitu
1270 1530 1539 1582 abstineret,

37 1622 171 1663 usque
196 1607 307 1650 dum
335 1605 495 1650 fratres
521 1607 613 1650 eius
635 1608 884 1651 ulciscendo
906 1615 1005 1650 tum
1025 1607 1066 1650 ei
1085 1606 1359 1651 satisfecisset
1384 1607 1535 1667 (quam

33 1683 139 1725 adeo
167 1683 311 1741 ipsam
342 1683 426 1726 hoc
452 1683 642 1742 exegisse
668 1684 854 1726 tradunt
886 1682 1035 1726 Schol.
1062 1684 1114 1726 ad
1147 1683 1231 1727 Od.
1263 1685 1297 1728 l.
1321 1682 1403 1740 c.)‚
1436 1692 1536 1726 tum

10 1772 11 1777 ¹
36 1758 120 1800 hoc
137 1756 334 1802 facinore
359 1766 603 1816 susceptam
624 1759 777 1817 priore
806 1751 914 1810 ἄτην
946 1759 1222 1816 aliquatenus
1256 1760 1451 1812 eluisset3
1486 1760 1537 1803 in

31 1848 166 1892 quam
206 1834 511 1877 coniecturam
554 1834 699 1876 nescio
739 1849 796 1876 an
830 1834 1091 1878 inducerent
1135 1834 1345 1878 vocabula
1388 1828 1537 1892 παρά-

32 1921 166 1956 κοιτις
195 1917 242 1953 et
271 1903 450 1970 ἄλοχος
479 1910 572 1952 iam
602 1910 841 1953 Alcmenae
874 1909 1056 1952 tributa.

97 1978 250 2042 νόσφιν
280 1978 411 2043 ἄτερ,
450 1994 504 2028 ut
534 1986 630 2037 hie,
673 1987 735 2028 ita
766 1973 894 2044 '‘Epy.
926 1987 978 2028 91
1013 1994 1056 2028 et
1090 1987 1175 2029 113
1205 1993 1370 2039 exsta-t3
1403 1979 1538 2042 φιλό-

36 2073 165 2112 τητος
193 2051 403 2118 ἐφιμέρου
433 2061 602 2120 pariter
634 2061 767 2104 habet
797 2061 884 2104 Th.
919 2061 1017 2103 132.

96 2227 139 2256 v.
167 2213 236 2257 19.
274 2203 457 2270 Ταφίων
485 2205 548 2257 ἰδὲ·
576 2205 869 2273 Τηλεβοάων]
921 2214 1102 2271 Taphus
1132 2228 1222 2256 una
1251 2227 1308 2256 ex
1339 2213 1540 2257 Echina-

34 2288 165 2331 dibus
190 2288 374 2342 insulis,
405 2290 677 2333 Acarnaniae
703 2289 899 2340 obiectis,
922 2290 1087 2332 incolas
1108 2288 1266 2331 habuit
1285 2302 1387 2331 cum
1409 2288 1537 2340 alios,

38 2372 134 2407 tum
165 2364 398 2417 Teleboas,
429 2380 504 2408 seu
532 2366 741 2408 deductos
769 2380 819 2408 eo
849 2365 1047 2423 Mycenis
1073 2380 1095 2407 a
1123 2364 1265 2407 Persei
1291 2371 1544 2422 pronepote·

37 2438 236 2498 Taphio,
274 2440 367 2483 sive
407 2442 657 2484 Acarnanes
690 2441 876 2499 origine.
940 2441 1068 2484 Prius
1105 2441 1353 2483 tradentem
1389 2440 1545 2483 videas

0 2527 8 2561 3
35 2515 244 2572 Apollod.
273 2516 307 2558 l.
345 2531 403 2572 c.,
443 2516 663 2574 posterius
691 2515 985 2560 Scholiastam
1014 2516 1245 2575 Apollonii
1283 2515 1374 2558 Rh.
1410 2516 1443 2560 l.
1475 2529 1538 2569 c.,

0 2606 2 2611 ’
34 2603 227 2646 quocum
257 2589 365 2634 facit
393 2591 552 2635 Strabo
581 2593 637 2636 X.
668 2608 712 2650 p.
738 2594 839 2636 461.
895 2592 1052 2644 Naves,
1085 2590 1246 2649 quibus
1273 2591 1323 2633 in
1350 2590 1541 2649 expedi-

39 2664 156 2706 tione
195 2673 349 2710 contra
389 2667 492 2710 illos
528 2667 911 2727 Amphitryonem
961 2683 1088 2710 usum
1130 2666 1237 2710 facit
1274 2667 1457 2710 Plautus
1490 2673 1534 2709 et

36 2739 194 2796 quibus
223 2742 378 2799 utique
407 2758 518 2801 opus
549 2746 588 2787 ei
623 2743 739 2795 fuit,
774 2752 822 2785 ut
856 2745 902 2786 in
936 2745 1128 2787 insulam
1161 2744 1349 2801 Taplion
1381 2757 1533 2801 perve-
