1748 3224
0 0 9 249 i
542 213 581 242 ιιι
613 211 779 242 nnsiom
808 210 983 241 scvrvn.
1442 191 1500 240 41

17 328 74 372 ab
98 326 351 384 explicante
377 325 570 370 Diacono
594 340 686 368 non
711 326 830 368 male
855 324 1050 367 redditae
1078 313 1300 381 συρμάδες
1320 317 1505 377 μέλανος

14 394 402 461 ἂγγεγραμμέναι,
440 401 491 442 ad
533 401 680 442 visum
721 400 874 457 utique
910 400 959 442 in
989 399 1140 457 clypei
1169 398 1400 457 superficie
1427 413 1504 456 pa-

15 485 178 528 nantes,
230 491 319 519 non
364 477 560 523 laminae
589 477 727 519 altera
756 477 886 519 alteri
916 475 1307 534 superimpositae,
1345 473 1506 532 quibus

12 551 222 609 componi
260 559 435 594 scutum
471 550 661 600 solebat,
701 566 892 608 quasque
929 550 1146 594 Homerus
1174 546 1364 610 πτύχας
1391 550 1507 593 dixit

13 626 123 672 locis
158 642 292 685 supra
314 627 410 670 citt.
473 626 576 670 Alio
605 626 730 668 ducit
755 626 802 668 h,
829 626 861 670 l.
894 618 1166 678 διηλῆλοιντο.
1228 627 1380 683 Itaque
1402 641 1507 684 pro-

14 699 225 754 babiliter
249 701 436 744 coniecit
460 700 701 744 Muellerus
717 732 729 752 ,
755 701 906 743 ductas
934 699 1069 743 fuisse
1100 716 1182 759 per
1208 702 1421 759 clypeum
1453 701 1505 744 ad

5 778 153 836 ,magis
180 776 548 834 distinguendum
578 775 632 817 ab
659 791 703 818 se
730 776 924 818 invicem
951 777 1074 828 illas,
1098 791 1142 820 v.
1165 778 1244 820 141
1273 792 1386 834 seqq.
1412 791 1504 820 me-

13 860 226 903 moratas,
262 853 384 894 vario
402 852 562 894 'colore
592 866 725 895 areas.
771 852 882 895 Puto
905 859 1052 895 autem
1078 852 1280 910 equidem
1307 867 1397 904 eas,
1419 867 1507 909 quo

13 928 262 973 evidentior
290 935 397 971 esset
425 927 681 979 distinctio,
715 929 786 971 vel
814 928 863 971 in
891 928 1042 986 clypei
1069 928 1347 986 superficiem
1371 943 1508 971 reces-

7 1003 136 1058 sisse,
163 1005 235 1047 Qvel
258 1017 315 1046 ex
336 1018 384 1046 ea
403 1003 720 1060 prominuisse,
742 1003 917 1060 quando
936 1019 1038 1047 sane
1057 1004 1296 1062 appellatio
1321 999 1508 1062 πτωχῶν

11 1079 68 1124 iis
97 1081 268 1138 optime
296 1080 574 1131 convenerit,
619 1087 670 1122 ut
699 1080 747 1122 in
775 1071 1002 1122 montibus
1030 1095 1132 1138 pars
1163 1081 1233 1123 vel
1265 1079 1508 1137 depressior

13 1155 414 1207 velssminentior,
469 1156 618 1212 quales
662 1164 765 1197 sunt
808 1155 855 1197 in
904 1155 1096 1198 vestibus
1138 1155 1303 1213 plicae,
1343 1154 1506 1213 passim

4 1223 135 1296 ymb}
165 1230 347 1273 dicitur.
407 1230 512 1274 Vid.
535 1229 620 1273 Od.
640 1230 692 1273 T.
721 1232 832 1281 237,
866 1230 919 1274 H.
949 1231 999 1273 in
1033 1230 1131 1274 Cer.
1163 1232 1267 1283 176,
1296 1231 1341 1272 in
1370 1229 1507 1272 Merc-

6 1306 113 1357 826,
147 1308 252 1356 555,
297 1306 347 1348 in
378 1306 528 1363 Apoll.
563 1306 664 1349 269.
727 1306 909 1348 Temere
949 1306 1111 1364 igitur,
1158 1306 1293 1349 etiam
1332 1305 1508 1348 Rankio

7 1380 181 1432 iudice,
207 1380 265 1424 ob
290 1395 419 1423 usum
450 1380 655 1424 vocabuli
688 1395 780 1423 non
806 1380 1116 1433 Homericum,
1149 1383 1304 1440 poetae
1331 1394 1506 1425 versum

4 1455 282 1506 abiudicavit
297 1455 498 1514 Heynius
512 1456 566 1499 ad
583 1455 637 1500 11.
653 1457 702 1500 Σ.
720 1457 822 1500 481.

1 1621 27 1675 ,⁸⁵
72 1623 114 1653 v.
139 1609 238 1653 144.
277 1600 320 1652 ἓν
349 1603 506 1667 μέσσῳ
531 1600 579 1653 δὲ
613 1600 845 1667 δράκοντος
870 1604 938 1662 ἔην
967 1600 1137 1667 φόβος]
1187 1609 1269 1652 Pro
1287 1600 1331 1651 ὲν
1348 1600 1509 1666 μέσσῳ

4 1677 205 1742 ’φοβερὸς
236 1671 283 1737 ἦν
313 1675 476 1742 δράκων
506 1686 676 1743 poetice
704 1693 748 1728 et
774 1687 894 1744 epioe
923 1686 1118 1735 dictum,
1147 1699 1234 1742 quo
1262 1684 1359 1742 ipso
1385 1699 1509 1742 prae·

3 1767 98 1803 *stat
135 1760 267 1803 alteri
302 1760 506 1812 lectioni,
541 1762 636 1812 vel,
665 1769 717 1804 ut
742 1762 999 1807 Hermanno
1034 1760 1224 1812 dicitur,
1263 1759 1509 1803 recensioni

7 1825 56 1878 »ἐν
92 1831 249 1894 μέσσῳ
291 1827 330 1879 δ’
375 1827 632 1892 ἀδάμαντος
671 1829 737 1887 ἔην
777 1829 945 1892 Φόβος,
986 1850 1120 1893 quam
1160 1836 1269 1878 item
1312 1834 1510 1878 extitisse

0 1919 205 1969 gai-guum:
238 1911 344 1954 haec
384 1912 563 1955 'l'zetzae
602 1913 649 1955 in
681 1911 829 1956 Schol.
856 1912 908 1954 ad
940 1912 986 1955 h.
1021 1912 1075 1954 l.:
1109 1906 1411 1966 σωματοποιεῖ
1437 1904 1511 1953 τὸν

0 1979 152 2046 φόβον
179 1977 386 2042 ἐνταῦθα,
417 1981 468 2034 ὡς
499 1978 552 2030 ἂν
585 1978 628 2030 ἓν
660 1980 723 2045 τῷ
755 1983 881 2046 μέσῳ
911 1977 960 2040 ἐξ
994 1978 1253 2042 ἀδάμαντος
1283 1974 1353 2039 ἦν,
1381 1977 1511 2028 οὐδα-

2 2058 102 2119 βῶσ
149 2053 384 2117 δυναμένου
429 2054 664 2122 ρἠχθῆναι,
688 2071 760 2105 ἰη
801 2064 911 2105 item
949 2063 998 2106 in
1041 2063 1289 2105 Monacensi
1329 2061 1509 2104 Tzetzae

11 2137 185 2181 acholio
221 2138 424 2182 additur:
481 2149 557 2197 γρ.
607 2130 656 2180 ἓν
697 2135 886 2195 μέσσῳ
925 2130 966 2181 δ’
1004 2130 1349 2194 ἀδάμαντος.
1425 2137 1510 2179 Pro

11 2213 95 2260 hac
132 2214 322 2257 lectione
358 2229 560 2273 pugnans
595 2215 819 2258 Rankius:
868 2214 1128 2265 »Primum,
1155 2213 1325 2270 inquit,
1368 2211 1509 2255 nexus

0 2290 360 2333 »sententiarum
403 2289 495 2333 fere
530 2291 748 2348 postulat,
792 2298 843 2332 ut
885 2289 1069 2332 materia
1110 2294 1506 2337 commemoretur,

13 2365 158 2408 »unde
184 2365 331 2423 prima
356 2365 503 2423 imago
526 2366 789 2409 constiterit.
827 2365 888 2408 Ac
915 2373 1062 2407 totum
1083 2372 1258 2407 scutum
1281 2364 1319 2406 si
1347 2362 1510 2418 ubique

7 2448 86 2484 »et
120 2447 259 2499 gypso
290 2448 333 2483 et
355 2440 485 2483 ebore
516 2448 559 2482 et
588 2441 750 2484 electro
773 2449 816 2483 et
845 2455 951 2482 auro
977 2438 1258 2498 splendebat,
1285 2437 1513 2495 praeclare

6 2516 269 2567 »convenia
293 2516 411 2572 quod
438 2516 631 2558 mediam
654 2524 825 2574 partem
854 2516 919 2558 ait
945 2516 1035 2558 alio
1058 2513 1192 2557 fuisse
1215 2515 1362 2556 colore
1383 2525 1507 2570 prae-

5 2590 189 2634 »ditam
204 2590 376 2647 aliaque
396 2605 447 2634 ex
474 2590 663 2634 materia
684 2605 816 2647 eaque
843 2590 1100 2632 firmissima
1127 2588 1305 2631 factam.
1343 2587 1510 2631 Deinde

6 2681 146 2710 emero
178 2674 365 2725 propter
389 2681 462 2718 ea,
490 2680 600 2723 quae
627 2673 900 2724 sequuntur,
927 2666 980 2708 de
998 2666 1188 2708 dracone
1213 2665 1295 2708 vix
1322 2662 1507 2720 cogitari

10 2749 194 2800 »potest.
255 2742 411 2785 Paullo
439 2748 539 2799 post
567 2741 688 2785 enim
720 2740 810 2799 (vv.
846 2740 1094 2798 161—167)
1132 2739 1386 2784 invenimus
1413 2752 1508 2780 ser-
