1748 3224
214 206 280 254 20
803 219 1123 251 couneunmvs

273 334 435 378 Versus
465 334 521 375 55
551 338 596 373 et
622 331 678 372 56
716 329 774 372 ob
799 330 1006 388 putidam
1032 331 1084 373 in
1109 330 1165 373 iis
1194 337 1302 388 post·
1318 331 1544 389 superiora
1571 337 1722 374 tauto-

216 409 381 468 logiam
414 406 538 449 fuere
559 404 659 450 VV.
682 405 777 449 DD.
804 406 883 462 qui
905 405 1127 449 tollendos
1152 412 1375 448 censerent
1389 437 1402 458 ,
1425 406 1587 464 quibus
1607 413 1724 448 recte

215 483 423 542 opposuit
444 481 668 532 Rankius‚
697 496 787 523 non
815 495 902 524 esse
926 481 999 524 hic
1022 480 1339 538 tautologiam,
1364 495 1468 524 cum
1492 484 1621 540 po‘eta
1652 481 1724 524 his

218 559 415 603 versibus
457 556 750 608 diversitatis,
795 571 906 614 quae
948 557 997 599 in
1036 556 1210 614 Iphicle
1257 563 1301 599 et
1339 555 1527 599 Hercule
1559 554 1723 606 fuerit,

216 648 393 678 causam
422 633 642 691 explicet,
672 633 821 676 dicens
854 633 1049 689 alterum
1081 632 1319 675 hominis
1350 631 1631 682 mortalis,
1662 632 1726 674 al·

218 718 365 753 terum
398 709 513 768 regis
542 709 741 751 Deorum
770 707 1030 767 progeniem
1058 706 1206 750 fuisse.

278 876 320 903 v.
345 860 415 902 56.
448 850 544 902 θεῶν
566 850 810 916 σημάντορι
836 850 1037 917 πάντων]
1099 858 1358 903 Occurrunt
1384 858 1492 902 haec
1514 859 1652 902 etiam
1678 859 1730 902 in

218 935 468 994 fragmento
487 949 544 977 ex
566 933 790 992 catalogis
815 935 932 992 apud
955 934 1088 977 Laur.
1107 935 1287 992 Lydum
1307 935 1362 977 de
1377 932 1604 976 mensibus
1622 949 1660 978 c.
1683 935 1725 975 4.

280 1103 324 1130 v.
353 1089 424 1131 57.
471 1087 629 1130 Factus
662 1086 736 1128 hic
769 1093 872 1144 post
902 1087 1154 1129 decantatos
1186 1101 1209 1128 a
1248 1085 1470 1143 rhapsodo
1494 1099 1732 1128 versusex

220 1164 348 1207 Eoeis
379 1163 431 1205 ad
469 1162 696 1220 sequentia
731 1162 785 1204 de
827 1161 972 1220 Cycni
1007 1170 1052 1205 et
1086 1161 1290 1205 Herculis
1314 1177 1463 1220 pugna
1494 1160 1729 1213 transitus3

222 1238 363 1281 factus
387 1246 540 1280 autem
567 1238 649 1280 ille
673 1237 932 1282 non·nimis
961 1238 1178 1281 concinne
1207 1253 1287 1296 per
1312 1237 1553 1296 particulas
1580 1230 1625 1283 ὃς
1641 1230 1735 1289 καὶ,

221 1321 294 1373 qui
323 1315 473 1368 (natus
502 1328 561 1356 ex
586 1313 688 1356 Iove
717 1321 762 1356 et
787 1315 1003 1357 Alcmena
1027 1313 1235 1357 Hercules
1260 1321 1360 1355 tum
1389 1313 1499 1356 alias
1518 1317 1588 1355 res
1608 1327 1734 1371 prae-

221 1391 361 1433 claras
390 1390 547 1448 gessit,
580 1390 696 1447 tum)
727 1395 854 1431 etiam
891 1389 1076 1445 Cycnum
1105 1389 1270 1432 oceidit.

285 1457 783 1523 Κύκνον-Ἀρητιάδην,
804 1465 961 1508 Martis
990 1465 1138 1508 filium
1165 1480 1216 1509 ex
1243 1464 1429 1523 Pelopea
1458 1463 1569 1521 (vid.
1597 1463 1748 1521 Apol-N

225 1543 315 1586 lod.
358 1542 416 1585 11.
459 1555 545 1586 vn.
585 1542 674 1595 7.)‚
717 1541 856 1599 probe
897 1527 1263 1599 distingtiendum
1305 1539 1359 1582 ab
1402 1541 1542 1583 alten-o
1581 1539 1737 1583 Martis

164 1663 169 1671 ,
225 1618 349 1672 filio,
386 1619 456 1660 sed
498 1633 553 1660 ex
589 1617 788 1676 Cyrene,
827 1616 1002 1675 Cycno,
1039 1617 1147 1659 item
1177 1615 1410 1659 interfecto
1447 1614 1502 1658 ab
1534 1614 1748 1658 Hercule*

228 1693 334 1737 vid.
371 1694 580 1752 Apollod.
620 1693 678 1736 ΙΙ.
717 1706 761 1737 v.
795 1695 847 1735 11
886 1701 930 1736 et
968 1692 1034 1735 ibi
1064 1693 1210 1751 Heyn.
1273 1692 1380 1736 Fuit
1409 1691 1544 1734 etiam
1579 1690 1738 1733 tertius

231 1767 429 1827 Cycnus,
454 1769 651 1827 Neptuni
676 1769 821 1821 filius,
847 1769 901 1811 de
924 1784 1012 1826 quo
1042 1769 1140 1812 vide
1155 1767 1306 1812 Schol.
1327 1768 1455 1811 Pind.
1476 1766 1550 1812 Ol.
1574 1767 1630 1811 II.
1656 1767 1736 1809 147

230 1852 274 1887 et
304 1843 454 1890 Schol.
469 1844 699 1903 Aristoph.
720 1845 835 1889 Rau.
853 1846 964 1898 994,
989 1845 1201 1902 cuiusque
1221 1844 1392 1888 mentio
1419 1844 1584 1887 alicubi
1603 1843 1739 1887 etiam

232 1921 288 1963 ab
307 1921 495 1965 Hesiodo
515 1920 629 1964 sacta
643 1954 654 1973 ,
686 1929 792 1964 teste
812 1920 962 1965 Schol.
990 1921 1042 1964 ad
1067 1921 1255 1964 Theocr.
1276 1920 1340 1964 Id.
1357 1919 1478 1964 XVI.
1504 1921 1574 1964 49.
1604 1917 1740 1976 Saepe

233 2004 381 2040 autem
403 1996 576 2040 confusi
604 2004 711 2040 suut
737 1997 787 2039 hi
817 1996 981 2055 Cycni3
1011 2012 1096 2054 qua
1124 1997 1178 2040 de
1204 2011 1252 2039 re
1277 1997 1511 2039 videantur
1524 1994 1622 2039 VV.
1642 1994 1738 2038 DD.

234 2073 286 2115 ad
316 2073 483 2131 Hygin.
517 2071 607 2118 fab.
631 2075 684 2116 31
716 2082 758 2115 et
785 2071 928 2131 Heyn.
956 2073 988 2116 l.
1018 2089 1056 2117 c.

303 2140 562 2206 Ἀρητάδης
590 2147 837 2192 formatum
867 2149 923 2191 ab
943 2136 1098 2206 '‘AM‘’
1123 2135 1312 2205 ’Ἄρητος
1343 2161 1425 2204 pro
1445 2134 1617 2204 '‘Apnoc.
1640 2174 1644 2179 -
1669 2144 1742 2189 Sic

236 2215 482 2281 ῩΑρητιάδα
522 2218 812 2277 Μελανίππην
852 2223 976 2267 dixit
1016 2222 1228 2282 Aponon.
1259 2222 1348 2266 Rh.
1379 2222 1433 2265 11.
1464 2223 1570 2275 968,
1607 2235 1742 2280 quem

239 2298 337 2342 vide
355 2301 488 2343 etiam
508 2300 617 2346 ibid.
641 2302 774 2353 1032,
799 2299 878 2343 111.
901 2300 1032 2342 1182.
1064 2297 1197 2344 conf.
1219 2306 1261 2340 et
1275 2298 1408 2342 Dion.
1427 2298 1559 2342 Alex.
1584 2312 1626 2341 v.
1641 2298 1742 2343 685.

295 2375 365 2420 Ab
391 2375 475 2419 hoc
504 2376 660 2421 Martis
685 2376 784 2419 filio
811 2374 964 2435 Cycno
989 2383 1035 2418 et
1057 2374 1200 2419 Marte
1221 2375 1372 2433 priore
1396 2388 1543 2433 pugna
1571 2372 1743 2415 victum

241 2450 529 2509 fugatumque
567 2452 830 2504 Herculem,
870 2452 952 2510 qui
990 2451 1150 2494 deinde
1189 2451 1371 2494 demum
1417 2451 1554 2493 altera
1593 2462 1743 2506 pugna

236 2525 445 2584 Cycnum
486 2529 720 2580 occiderit,
762 2527 988 2571 tradidisse
1027 2527 1073 2570 in
1113 2527 1312 2570 carmine
1345 2527 1399 2569 de
1427 2524 1580 2583 Cycno
1611 2522 1744 2567 Stesi-

237 2600 427 2644 chorum
455 2601 594 2646 refert
623 2602 773 2649 Schol.
800 2604 929 2648 Pind.
951 2604 1004 2647 ad
1031 2603 1109 2647 illa
1137 2603 1271 2646 huius
1294 2602 1368 2647 Ol.
1387 2602 1443 2647 X.
1463 2604 1515 2645 19
1535 2599 1739 2660 (Boeckh.

240 2676 317 2722 x1.
340 2677 432 2734 15):
458 2671 604 2735 τράπε
630 2671 679 2724 δὲ
708 2674 890 2723 Κυκνεία
917 2670 1064 2740 μάχα
1087 2673 1161 2723 τὸν
1194 2672 1398 2737 ὑπέρβιον
1425 2670 1659 2735 Ἡρακλέα.

300 2752 490 2797 Endociu
524 2755 566 2798 in
586 2755 773 2798 violem
806 2770 848 2813 p.
874 2755 982 2799 264:
1039 2751 1194 2797 Κύκνον
1222 2749 1295 2797 τὸν
1316 2750 1396 2810 μὲν
1413 2742 1573 2810 ’Ἄρεως
1595 2743 1744 2797 κακῶς
