<?xml version="1.0" encoding="UTF-8"?>
<!DOCTYPE html PUBLIC "-//W3C//DTD XHTML 1.0 Transitional//EN"
    "http://www.w3.org/TR/xhtml1/DTD/xhtml1-transitional.dtd">
<html xmlns="http://www.w3.org/1999/xhtml" xml:lang="en" lang="en">
 <head>
  <title>
</title>
<meta http-equiv="Content-Type" content="text/html;charset=utf-8" />
  <meta name='ocr-system' content='tesseract 3.04.00' />
  <meta name='ocr-capabilities' content='ocr_page ocr_carea ocr_par ocr_line ocrx_word'/>
</head>
<body>
  <div class='ocr_page' id='page_1' title='image "./scutumherculisli00hesiuoft_0136.png"; bbox 0 0 1748 3224; ppageno 0'>
   <div class='ocr_carea' id='block_1_1' title="bbox 244 205 1154 254">
    <p class='ocr_par' dir='ltr' id='par_1_1' title="bbox 244 205 1154 254">
     <span class='ocr_line' id='line_1_1' title="bbox 244 205 1154 254; baseline -0.007 0"><span class='ocrx_word' id='word_1_1' title='bbox 244 205 309 254; x_wconf 79' lang='lat'><strong>48</strong></span> <span class='ocrx_word' id='word_1_2' title='bbox 834 219 1154 252; x_wconf 65' lang='lat' dir='ltr'><strong>comnena-utve.</strong></span> 
     </span>
    </p>
   </div>
   <div class='ocr_carea' id='block_1_2' title="bbox 244 328 1748 546">
    <p class='ocr_par' dir='ltr' id='par_1_2' title="bbox 244 301 1748 546">
     <span class='ocr_line' id='line_1_2' title="bbox 244 328 1748 401; baseline -0.006 -20"><span class='ocrx_word' id='word_1_3' title='bbox 244 338 397 389; x_wconf 84' lang='lat' dir='ltr'><strong>detur,</strong></span> <span class='ocrx_word' id='word_1_4' title='bbox 431 335 620 396; x_wconf 77' lang='grc' dir='ltr'><em>χλοῦνος</em></span> <span class='ocrx_word' id='word_1_5' title='bbox 649 342 807 392; x_wconf 79' lang='lat' dir='ltr'><strong>aptum</strong></span> <span class='ocrx_word' id='word_1_6' title='bbox 839 334 924 377; x_wconf 87' lang='lat' dir='ltr'><strong>hoc</strong></span> <span class='ocrx_word' id='word_1_7' title='bbox 954 335 1064 376; x_wconf 88' lang='lat' dir='ltr'><strong>loco.</strong></span> <span class='ocrx_word' id='word_1_8' title='bbox 1109 333 1308 388; x_wconf 84' lang='lat' dir='ltr'><strong>Namque</strong></span> <span class='ocrx_word' id='word_1_9' title='bbox 1330 331 1551 374; x_wconf 82' lang='lat' dir='ltr'><strong>adsentior</strong></span> <span class='ocrx_word' id='word_1_10' title='bbox 1570 330 1626 373; x_wconf 89' lang='grc' dir='ltr'><strong>Η.</strong></span> <span class='ocrx_word' id='word_1_11' title='bbox 1649 328 1748 401; x_wconf 40' lang='grc' dir='ltr'><strong>δῐεςὲ</strong></span> 
     </span>
     <span class='ocr_line' id='line_1_3' title="bbox 246 401 1748 475; baseline -0.008 -19"><span class='ocrx_word' id='word_1_12' title='bbox 246 413 397 471; x_wconf 83' lang='lat' dir='ltr'><strong>phano</strong></span> <span class='ocrx_word' id='word_1_13' title='bbox 426 413 473 454; x_wconf 91' lang='lat' dir='ltr'><strong>in</strong></span> <span class='ocrx_word' id='word_1_14' title='bbox 505 412 637 462; x_wconf 62' lang='lat' dir='ltr'><strong>Lex„</strong></span> <span class='ocrx_word' id='word_1_15' title='bbox 670 409 999 475; x_wconf 74' lang='lat' dir='ltr'><strong>Hesychjanum</strong></span> <span class='ocrx_word' id='word_1_16' title='bbox 1032 406 1223 467; x_wconf 79' lang='grc' dir='ltr'><em>χλοῦνος</em></span> <span class='ocrx_word' id='word_1_17' title='bbox 1253 402 1422 464; x_wconf 76' lang='grc' dir='ltr'><strong><em>χρύσος</em></strong></span> <span class='ocrx_word' id='word_1_18' title='bbox 1451 403 1661 454; x_wconf 70' lang='lat' dir='ltr'><strong>referenti</strong></span> <span class='ocrx_word' id='word_1_19' title='bbox 1683 401 1748 466; x_wconf 37' lang='lat' dir='ltr'><strong>a&amp;</strong></span> 
     </span>
     <span class='ocr_line' id='line_1_4' title="bbox 245 485 920 546; baseline -0.004 -16"><span class='ocrx_word' id='word_1_20' title='bbox 245 488 468 546; x_wconf 82' lang='lat' dir='ltr'><strong>pallidum</strong></span> <span class='ocrx_word' id='word_1_21' title='bbox 496 486 545 528; x_wconf 90' lang='lat' dir='ltr'><strong>in</strong></span> <span class='ocrx_word' id='word_1_22' title='bbox 575 500 683 527; x_wconf 80' lang='lat' dir='ltr'><strong>auro</strong></span> <span class='ocrx_word' id='word_1_23' title='bbox 710 485 920 528; x_wconf 83' lang='lat' dir='ltr'><strong>colorem.</strong></span> 
     </span>
    </p>
   </div>
   <div class='ocr_carea' id='block_1_3' title="bbox 248 624 1748 1146">
    <p class='ocr_par' dir='ltr' id='par_1_3' title="bbox 248 624 1748 1146">
     <span class='ocr_line' id='line_1_5' title="bbox 308 624 1748 694; baseline -0.006 -15"><span class='ocrx_word' id='word_1_24' title='bbox 308 653 350 681; x_wconf 87' lang='lat' dir='ltr'><strong>v.</strong></span> <span class='ocrx_word' id='word_1_25' title='bbox 388 639 471 680; x_wconf 94' lang='grc'><strong>170</strong></span> <span class='ocrx_word' id='word_1_26' title='bbox 512 652 598 693; x_wconf 87' lang='lat' dir='ltr'><strong>seq.</strong></span> <span class='ocrx_word' id='word_1_27' title='bbox 663 629 806 694; x_wconf 76' lang='grc' dir='ltr'><em>τῶνγε</em></span> <span class='ocrx_word' id='word_1_28' title='bbox 841 627 1046 692; x_wconf 79' lang='grc' dir='ltr'><em>οὐδέτεροι</em></span> <span class='ocrx_word' id='word_1_29' title='bbox 1079 624 1289 690; x_wconf 65' lang='grc' dir='ltr'><strong>τρεέτην]</strong></span> <span class='ocrx_word' id='word_1_30' title='bbox 1367 631 1577 676; x_wconf 74' lang='lat' dir='ltr'><strong>Pertinet,</strong></span> <span class='ocrx_word' id='word_1_31' title='bbox 1602 628 1748 685; x_wconf 66' lang='lat' dir='ltr'><strong>dualiq</strong></span> 
     </span>
     <span class='ocr_line' id='line_1_6' title="bbox 248 704 1748 767; baseline -0.005 -11"><span class='ocrx_word' id='word_1_32' title='bbox 248 714 322 756; x_wconf 77' lang='lat' dir='ltr'><strong>hic</strong></span> <span class='ocrx_word' id='word_1_33' title='bbox 342 721 386 755; x_wconf 85' lang='lat' dir='ltr'><strong>et</strong></span> <span class='ocrx_word' id='word_1_34' title='bbox 409 711 533 755; x_wconf 77' lang='lat' dir='ltr'>infra</span> <span class='ocrx_word' id='word_1_35' title='bbox 554 728 597 757; x_wconf 74' lang='lat' dir='ltr'><strong>v,</strong></span> <span class='ocrx_word' id='word_1_36' title='bbox 617 714 700 757; x_wconf 88' lang='lat'><strong>176</strong></span> <span class='ocrx_word' id='word_1_37' title='bbox 728 712 782 754; x_wconf 86' lang='lat' dir='ltr'><strong>ad</strong></span> <span class='ocrx_word' id='word_1_38' title='bbox 810 712 898 754; x_wconf 93' lang='lat' dir='ltr'><strong>duo</strong></span> <span class='ocrx_word' id='word_1_39' title='bbox 919 710 1096 767; x_wconf 85' lang='lat' dir='ltr'>agmina</span> <span class='ocrx_word' id='word_1_40' title='bbox 1118 720 1330 766; x_wconf 80' lang='lat' dir='ltr'><strong>aprorum</strong></span> <span class='ocrx_word' id='word_1_41' title='bbox 1350 718 1391 749; x_wconf 77' lang='lat' dir='ltr'><strong>et</strong></span> <span class='ocrx_word' id='word_1_42' title='bbox 1410 707 1608 757; x_wconf 89' lang='lat' dir='ltr'><strong>leonum,</strong></span> <span class='ocrx_word' id='word_1_43' title='bbox 1630 704 1748 749; x_wconf 81' lang='lat' dir='ltr'><strong>unde</strong></span> 
     </span>
     <span class='ocr_line' id='line_1_7' title="bbox 250 780 1748 843; baseline -0.004 -13"><span class='ocrx_word' id='word_1_44' title='bbox 250 803 352 830; x_wconf 83' lang='lat' dir='ltr'><strong>mox</strong></span> <span class='ocrx_word' id='word_1_45' title='bbox 379 788 514 830; x_wconf 85' lang='lat' dir='ltr'><strong>etiam</strong></span> <span class='ocrx_word' id='word_1_46' title='bbox 547 780 702 843; x_wconf 64' lang='grc' dir='ltr'><strong>ἄμφω.</strong></span> <span class='ocrx_word' id='word_1_47' title='bbox 749 784 877 830; x_wconf 86' lang='lat' dir='ltr'><strong>Conf.</strong></span> <span class='ocrx_word' id='word_1_48' title='bbox 907 784 993 829; x_wconf 90' lang='lat' dir='ltr'><strong>Od.</strong></span> <span class='ocrx_word' id='word_1_49' title='bbox 1026 784 1080 827; x_wconf 87' lang='lat' dir='ltr'><strong>A.</strong></span> <span class='ocrx_word' id='word_1_50' title='bbox 1113 785 1197 826; x_wconf 89' lang='lat'><strong>210</strong></span> <span class='ocrx_word' id='word_1_51' title='bbox 1219 798 1323 840; x_wconf 76' lang='lat' dir='ltr'><strong>seq..</strong></span> <span class='ocrx_word' id='word_1_52' title='bbox 1346 783 1400 826; x_wconf 90' lang='lat' dir='ltr'><strong>H.</strong></span> <span class='ocrx_word' id='word_1_53' title='bbox 1422 781 1468 823; x_wconf 88' lang='lat' dir='ltr'><strong>in</strong></span> <span class='ocrx_word' id='word_1_54' title='bbox 1492 780 1626 823; x_wconf 83' lang='lat' dir='ltr'><strong>Mero.</strong></span> <span class='ocrx_word' id='word_1_55' title='bbox 1647 780 1748 824; x_wconf 86' lang='lat'><strong>501.</strong></span> 
     </span>
     <span class='ocr_line' id='line_1_8' title="bbox 250 853 1748 921; baseline -0.005 -14"><span class='ocrx_word' id='word_1_56' title='bbox 250 862 513 907; x_wconf 80' lang='lat' dir='ltr'><strong>observavit</strong></span> <span class='ocrx_word' id='word_1_57' title='bbox 521 862 734 913; x_wconf 68' lang='lat' dir='ltr'><strong>Rankium,</strong></span> <span class='ocrx_word' id='word_1_58' title='bbox 747 853 960 921; x_wconf 67' lang='grc' dir='ltr'><em>οὐδέτεροι</em></span> <span class='ocrx_word' id='word_1_59' title='bbox 977 860 1091 917; x_wconf 81' lang='lat' dir='ltr'><strong>apud</strong></span> <span class='ocrx_word' id='word_1_60' title='bbox 1109 859 1346 902; x_wconf 85' lang='lat' dir='ltr'><strong>Hesiodum</strong></span> <span class='ocrx_word' id='word_1_61' title='bbox 1367 867 1535 900; x_wconf 82' lang='lat' dir='ltr'><strong>exstare</strong></span> <span class='ocrx_word' id='word_1_62' title='bbox 1549 856 1748 908; x_wconf 76' lang='lat' dir='ltr'><strong>Th.638,</strong></span> 
     </span>
     <span class='ocr_line' id='line_1_9' title="bbox 250 927 1748 997; baseline -0.005 -16"><span class='ocrx_word' id='word_1_63' title='bbox 250 939 366 997; x_wconf 86' lang='lat' dir='ltr'><strong>apud</strong></span> <span class='ocrx_word' id='word_1_64' title='bbox 397 938 640 981; x_wconf 78' lang='lat' dir='ltr'><strong>Homerum</strong></span> <span class='ocrx_word' id='word_1_65' title='bbox 670 937 790 980; x_wconf 88' lang='lat' dir='ltr'>nihil</span> <span class='ocrx_word' id='word_1_66' title='bbox 820 937 907 979; x_wconf 90' lang='lat' dir='ltr'>nisi</span> <span class='ocrx_word' id='word_1_67' title='bbox 937 927 1195 992; x_wconf 61' lang='grc' dir='ltr'><em>οὐδετέρωσε</em></span> <span class='ocrx_word' id='word_1_68' title='bbox 1226 934 1281 978; x_wconf 91' lang='lat' dir='ltr'><strong>Il.</strong></span> <span class='ocrx_word' id='word_1_69' title='bbox 1314 935 1363 976; x_wconf 83' lang='grc' dir='ltr'><strong>Ξ.</strong></span> <span class='ocrx_word' id='word_1_70' title='bbox 1399 935 1475 984; x_wconf 90' lang='grc'><strong>18,</strong></span> <span class='ocrx_word' id='word_1_71' title='bbox 1498 931 1578 974; x_wconf 89' lang='lat' dir='ltr'><strong>ubi</strong></span> <span class='ocrx_word' id='word_1_72' title='bbox 1599 939 1748 974; x_wconf 78' lang='lat' dir='ltr'><strong>tamen</strong></span> 
     </span>
     <span class='ocr_line' id='line_1_10' title="bbox 252 1004 1748 1069; baseline -0.005 -12"><span class='ocrx_word' id='word_1_73' title='bbox 252 1014 363 1058; x_wconf 82' lang='lat' dir='ltr'>libri</span> <span class='ocrx_word' id='word_1_74' title='bbox 403 1013 616 1056; x_wconf 84' lang='lat' dir='ltr'>nonnulli</span> <span class='ocrx_word' id='word_1_75' title='bbox 662 1004 751 1056; x_wconf 74' lang='grc' dir='ltr'><strong>οὐδ’</strong></span> <span class='ocrx_word' id='word_1_76' title='bbox 797 1006 979 1069; x_wconf 78' lang='grc' dir='ltr'><em>ἑτέρωσε</em></span> <span class='ocrx_word' id='word_1_77' title='bbox 1022 1010 1238 1068; x_wconf 83' lang='lat' dir='ltr'><strong>scriptum</strong></span> <span class='ocrx_word' id='word_1_78' title='bbox 1285 1008 1474 1060; x_wconf 82' lang='lat' dir='ltr'><strong>habent,</strong></span> <span class='ocrx_word' id='word_1_79' title='bbox 1525 1015 1576 1050; x_wconf 84' lang='lat' dir='ltr'><strong>ut</strong></span> <span class='ocrx_word' id='word_1_80' title='bbox 1614 1007 1748 1050; x_wconf 81' lang='lat' dir='ltr'><strong>etiam</strong></span> 
     </span>
     <span class='ocr_line' id='line_1_11' title="bbox 249 1088 636 1146; baseline -0.005 -14"><span class='ocrx_word' id='word_1_81' title='bbox 249 1089 392 1132; x_wconf 85' lang='lat' dir='ltr'><strong>edidit</strong></span> <span class='ocrx_word' id='word_1_82' title='bbox 423 1088 636 1146; x_wconf 83' lang='lat' dir='ltr'><strong>Heynius.</strong></span> 
     </span>
    </p>
   </div>
   <div class='ocr_carea' id='block_1_4' title="bbox 252 1229 1748 1374">
    <p class='ocr_par' dir='ltr' id='par_1_4' title="bbox 252 1229 1748 1374">
     <span class='ocr_line' id='line_1_12' title="bbox 313 1229 1748 1298; baseline -0.005 -15"><span class='ocrx_word' id='word_1_83' title='bbox 313 1256 354 1282; x_wconf 89' lang='lat' dir='ltr'><strong>v.</strong></span> <span class='ocrx_word' id='word_1_84' title='bbox 382 1242 480 1283; x_wconf 90' lang='grc'><strong>171.</strong></span> <span class='ocrx_word' id='word_1_85' title='bbox 522 1232 707 1298; x_wconf 72' lang='grc' dir='ltr'><em>φρῖσσόν</em></span> <span class='ocrx_word' id='word_1_86' title='bbox 733 1250 792 1298; x_wconf 79' lang='grc' dir='ltr'><strong>γε</strong></span> <span class='ocrx_word' id='word_1_87' title='bbox 820 1234 900 1294; x_wconf 67' lang='grc' dir='ltr'><strong>μὲν</strong></span> <span class='ocrx_word' id='word_1_88' title='bbox 929 1229 1152 1296; x_wconf 72' lang='grc' dir='ltr'><strong>αὐχένας,</strong></span> <span class='ocrx_word' id='word_1_89' title='bbox 1184 1245 1294 1278; x_wconf 80' lang='lat' dir='ltr'><strong>certe</strong></span> <span class='ocrx_word' id='word_1_90' title='bbox 1331 1235 1496 1295; x_wconf 84' lang='lat' dir='ltr'><strong>quidem</strong></span> <span class='ocrx_word' id='word_1_91' title='bbox 1529 1233 1748 1277; x_wconf 75' lang='lat' dir='ltr'><strong>horrebam</strong></span> 
     </span>
     <span class='ocr_line' id='line_1_13' title="bbox 252 1309 1748 1374; baseline -0.003 -16"><span class='ocrx_word' id='word_1_92' title='bbox 252 1322 355 1358; x_wconf 65' lang='lat' dir='ltr'><strong>sens</strong></span> <span class='ocrx_word' id='word_1_93' title='bbox 395 1322 439 1357; x_wconf 86' lang='lat' dir='ltr'><strong>in</strong></span> <span class='ocrx_word' id='word_1_94' title='bbox 476 1321 670 1374; x_wconf 76' lang='lat' dir='ltr'><strong>cuiusque</strong></span> <span class='ocrx_word' id='word_1_95' title='bbox 709 1321 866 1357; x_wconf 79' lang='lat' dir='ltr'><strong>cervice</strong></span> <span class='ocrx_word' id='word_1_96' title='bbox 903 1319 1073 1365; x_wconf 79' lang='lat' dir='ltr'><strong>erectis,</strong></span> <span class='ocrx_word' id='word_1_97' title='bbox 1119 1313 1236 1371; x_wconf 90' lang='lat' dir='ltr'><strong>quod</strong></span> <span class='ocrx_word' id='word_1_98' title='bbox 1275 1310 1562 1359; x_wconf 81' lang='lat' dir='ltr'><strong>manifestum</strong></span> <span class='ocrx_word' id='word_1_99' title='bbox 1598 1311 1648 1354; x_wconf 89' lang='lat' dir='ltr'><strong>in</strong></span> <span class='ocrx_word' id='word_1_100' title='bbox 1683 1309 1748 1353; x_wconf 76' lang='lat' dir='ltr'><strong>his</strong></span> 
     </span>
    </p>
   </div>
   <div class='ocr_carea' id='block_1_5' title="bbox 254 1384 1748 1441">
    <p class='ocr_par' dir='ltr' id='par_1_5' title="bbox 254 1384 1748 1441">
     <span class='ocr_line' id='line_1_14' title="bbox 254 1384 1748 1441; baseline -0.003 -6"><span class='ocrx_word' id='word_1_101' title='bbox 254 1391 525 1435; x_wconf 80' lang='lat' dir='ltr'>animalibus</span> <span class='ocrx_word' id='word_1_102' title='bbox 552 1390 644 1433; x_wconf 78' lang='lat' dir='ltr'><strong>irae</strong></span> <span class='ocrx_word' id='word_1_103' title='bbox 674 1390 909 1434; x_wconf 86' lang='lat' dir='ltr'><strong>indicium.</strong></span> <span class='ocrx_word' id='word_1_104' title='bbox 972 1388 1103 1434; x_wconf 82' lang='lat' dir='ltr'><strong>Conf.</strong></span> <span class='ocrx_word' id='word_1_105' title='bbox 1139 1404 1182 1432; x_wconf 89' lang='lat' dir='ltr'><strong>v.</strong></span> <span class='ocrx_word' id='word_1_106' title='bbox 1213 1390 1318 1441; x_wconf 79' lang='lat'>3913</span> <span class='ocrx_word' id='word_1_107' title='bbox 1353 1388 1407 1431; x_wconf 85' lang='grc' dir='ltr'><strong>ΙΙ.</strong></span> <span class='ocrx_word' id='word_1_108' title='bbox 1435 1387 1488 1431; x_wconf 92' lang='lat' dir='ltr'><strong>N.</strong></span> <span class='ocrx_word' id='word_1_109' title='bbox 1519 1387 1628 1439; x_wconf 82' lang='lat'><strong>473,</strong></span> <span class='ocrx_word' id='word_1_110' title='bbox 1665 1384 1748 1430; x_wconf 90' lang='lat' dir='ltr'><strong>Od.</strong></span> 
     </span>
    </p>
   </div>
   <div class='ocr_carea' id='block_1_6' title="bbox 189 1466 966 1519">
    <p class='ocr_par' dir='ltr' id='par_1_6' title="bbox 189 1466 966 1519">
     <span class='ocr_line' id='line_1_15' title="bbox 189 1466 966 1519; baseline -0.006 -7"><span class='ocrx_word' id='word_1_111' title='bbox 189 1471 195 1480; x_wconf 89' lang='grc'><strong><em>’</em></strong></span> <span class='ocrx_word' id='word_1_112' title='bbox 258 1469 310 1512; x_wconf 93' lang='grc' dir='ltr'><strong>Τ.</strong></span> <span class='ocrx_word' id='word_1_113' title='bbox 346 1469 450 1519; x_wconf 81' lang='lat'><strong>446;</strong></span> <span class='ocrx_word' id='word_1_114' title='bbox 481 1467 666 1510; x_wconf 84' lang='lat' dir='ltr'><strong>Theocr.</strong></span> <span class='ocrx_word' id='word_1_115' title='bbox 699 1466 837 1511; x_wconf 84' lang='lat' dir='ltr'><strong>XXV.</strong></span> <span class='ocrx_word' id='word_1_116' title='bbox 864 1467 966 1508; x_wconf 80' lang='lat'><strong>244.</strong></span> 
     </span>
    </p>
   </div>
   <div class='ocr_carea' id='block_1_7' title="bbox 258 1608 1748 1750">
    <p class='ocr_par' dir='ltr' id='par_1_7' title="bbox 258 1608 1748 1750">
     <span class='ocr_line' id='line_1_16' title="bbox 319 1608 1748 1676; baseline -0.006 -14"><span class='ocrx_word' id='word_1_117' title='bbox 319 1634 363 1662; x_wconf 81' lang='lat' dir='ltr'><strong>v.</strong></span> <span class='ocrx_word' id='word_1_118' title='bbox 391 1619 489 1662; x_wconf 90' lang='grc'><strong>172.</strong></span> <span class='ocrx_word' id='word_1_119' title='bbox 522 1608 600 1671; x_wconf 70' lang='grc' dir='ltr'><strong>ἤδη</strong></span> <span class='ocrx_word' id='word_1_120' title='bbox 624 1612 716 1675; x_wconf 73' lang='grc' dir='ltr'><strong>γάρ</strong></span> <span class='ocrx_word' id='word_1_121' title='bbox 740 1614 848 1673; x_wconf 79' lang='grc' dir='ltr'><strong>σφιν</strong></span> <span class='ocrx_word' id='word_1_122' title='bbox 865 1629 906 1659; x_wconf 79' lang='grc' dir='ltr'><strong>κ.</strong></span> <span class='ocrx_word' id='word_1_123' title='bbox 925 1629 967 1658; x_wconf 80' lang='grc' dir='ltr'><strong>τ.</strong></span> <span class='ocrx_word' id='word_1_124' title='bbox 983 1608 1056 1676; x_wconf 81' lang='grc' dir='ltr'><strong>λ.]</strong></span> <span class='ocrx_word' id='word_1_125' title='bbox 1087 1616 1182 1659; x_wconf 85' lang='lat' dir='ltr'><strong>Iam</strong></span> <span class='ocrx_word' id='word_1_126' title='bbox 1198 1614 1319 1658; x_wconf 89' lang='lat' dir='ltr'><strong>enim</strong></span> <span class='ocrx_word' id='word_1_127' title='bbox 1337 1627 1532 1672; x_wconf 81' lang='lat' dir='ltr'><strong>pugnam</strong></span> <span class='ocrx_word' id='word_1_128' title='bbox 1548 1610 1748 1655; x_wconf 79' lang='lat' dir='ltr'><strong>institue-</strong></span> 
     </span>
     <span class='ocr_line' id='line_1_17' title="bbox 258 1685 1748 1750; baseline -0.005 -13"><span class='ocrx_word' id='word_1_129' title='bbox 258 1702 362 1737; x_wconf 81' lang='lat' dir='ltr'><strong>rant</strong></span> <span class='ocrx_word' id='word_1_130' title='bbox 391 1702 434 1736; x_wconf 83' lang='lat' dir='ltr'><strong>et</strong></span> <span class='ocrx_word' id='word_1_131' title='bbox 463 1692 691 1750; x_wconf 83' lang='lat' dir='ltr'><strong>utrimque</strong></span> <span class='ocrx_word' id='word_1_132' title='bbox 715 1700 904 1750; x_wconf 85' lang='lat' dir='ltr'><strong>stragem</strong></span> <span class='ocrx_word' id='word_1_133' title='bbox 930 1691 1171 1743; x_wconf 80' lang='lat' dir='ltr'><strong>ediderant,</strong></span> <span class='ocrx_word' id='word_1_134' title='bbox 1187 1704 1307 1733; x_wconf 79' lang='lat' dir='ltr'><strong>caeso</strong></span> <span class='ocrx_word' id='word_1_135' title='bbox 1330 1688 1439 1731; x_wconf 89' lang='lat' dir='ltr'>hinc</span> <span class='ocrx_word' id='word_1_136' title='bbox 1463 1689 1602 1738; x_wconf 84' lang='lat' dir='ltr'><strong>leone,</strong></span> <span class='ocrx_word' id='word_1_137' title='bbox 1625 1685 1748 1730; x_wconf 75' lang='lat' dir='ltr'>illinc</span> 
     </span>
    </p>
   </div>
   <div class='ocr_carea' id='block_1_8' title="bbox 258 1758 1748 1903">
    <p class='ocr_par' dir='ltr' id='par_1_8' title="bbox 258 1758 1748 1903">
     <span class='ocr_line' id='line_1_18' title="bbox 258 1758 1748 1826; baseline -0.005 -14"><span class='ocrx_word' id='word_1_138' title='bbox 258 1768 430 1812; x_wconf 84' lang='lat' dir='ltr'><strong>duobus</strong></span> <span class='ocrx_word' id='word_1_139' title='bbox 468 1768 598 1825; x_wconf 82' lang='lat' dir='ltr'><strong>apris.</strong></span> <span class='ocrx_word' id='word_1_140' title='bbox 657 1762 745 1823; x_wconf 77' lang='grc' dir='ltr'><strong><em>λίς,</em></strong></span> <span class='ocrx_word' id='word_1_141' title='bbox 787 1767 958 1826; x_wconf 67' lang='lat' dir='ltr'><strong>poetica</strong></span> <span class='ocrx_word' id='word_1_142' title='bbox 999 1765 1147 1810; x_wconf 82' lang='lat' dir='ltr'><strong>forma</strong></span> <span class='ocrx_word' id='word_1_143' title='bbox 1181 1780 1264 1824; x_wconf 89' lang='lat' dir='ltr'><strong>pro</strong></span> <span class='ocrx_word' id='word_1_144' title='bbox 1294 1758 1420 1820; x_wconf 80' lang='grc' dir='ltr'><em>λέων,</em></span> <span class='ocrx_word' id='word_1_145' title='bbox 1452 1769 1597 1807; x_wconf 74' lang='lat' dir='ltr'><strong>exstat</strong></span> <span class='ocrx_word' id='word_1_146' title='bbox 1620 1762 1748 1806; x_wconf 76' lang='lat' dir='ltr'><strong>etiam</strong></span> 
     </span>
     <span class='ocr_line' id='line_1_19' title="bbox 260 1840 1210 1903; baseline -0.002 -16"><span class='ocrx_word' id='word_1_147' title='bbox 260 1845 376 1903; x_wconf 79' lang='lat' dir='ltr'><strong>apud</strong></span> <span class='ocrx_word' id='word_1_148' title='bbox 401 1844 531 1887; x_wconf 88' lang='lat' dir='ltr'><strong>Hom.</strong></span> <span class='ocrx_word' id='word_1_149' title='bbox 562 1843 615 1887; x_wconf 85' lang='lat' dir='ltr'><strong>Il.</strong></span> <span class='ocrx_word' id='word_1_150' title='bbox 649 1843 704 1887; x_wconf 88' lang='lat' dir='ltr'><strong>A.</strong></span> <span class='ocrx_word' id='word_1_151' title='bbox 738 1843 846 1893; x_wconf 86' lang='lat'>239,</span> <span class='ocrx_word' id='word_1_152' title='bbox 881 1843 990 1894; x_wconf 80' lang='lat'><strong>480,</strong></span> <span class='ocrx_word' id='word_1_153' title='bbox 1022 1840 1076 1886; x_wconf 88' lang='grc' dir='ltr'><strong>Ο.</strong></span> <span class='ocrx_word' id='word_1_154' title='bbox 1110 1842 1210 1885; x_wconf 85' lang='grc'><strong>275.</strong></span> 
     </span>
    </p>
   </div>
   <div class='ocr_carea' id='block_1_9' title="bbox 261 1987 1748 2811">
    <p class='ocr_par' dir='ltr' id='par_1_9' title="bbox 261 1987 1748 2811">
     <span class='ocr_line' id='line_1_20' title="bbox 322 1987 1748 2054; baseline -0.005 -15"><span class='ocrx_word' id='word_1_155' title='bbox 322 2011 364 2039; x_wconf 87' lang='lat' dir='ltr'><strong>v.</strong></span> <span class='ocrx_word' id='word_1_156' title='bbox 391 1998 487 2039; x_wconf 88' lang='grc'><strong>173.</strong></span> <span class='ocrx_word' id='word_1_157' title='bbox 533 1987 853 2054; x_wconf 71' lang='grc' dir='ltr'><strong>ἀπουράμενοι]</strong></span> <span class='ocrx_word' id='word_1_158' title='bbox 915 1995 990 2039; x_wconf 88' lang='lat' dir='ltr'><strong>Est</strong></span> <span class='ocrx_word' id='word_1_159' title='bbox 1022 1994 1219 2037; x_wconf 82' lang='lat' dir='ltr'><strong>activum</strong></span> <span class='ocrx_word' id='word_1_160' title='bbox 1253 1987 1448 2049; x_wconf 58' lang='grc' dir='ltr'><strong>ὄπι-οὔροις</strong></span> <span class='ocrx_word' id='word_1_161' title='bbox 1477 1990 1594 2049; x_wconf 83' lang='lat' dir='ltr'><strong>apud</strong></span> <span class='ocrx_word' id='word_1_162' title='bbox 1625 1989 1748 2033; x_wconf 86' lang='lat' dir='ltr'><strong>Hom.</strong></span> 
     </span>
     <span class='ocr_line' id='line_1_21' title="bbox 263 2063 1748 2127; baseline -0.006 -11"><span class='ocrx_word' id='word_1_163' title='bbox 263 2071 317 2117; x_wconf 91' lang='lat'><strong>11.</strong></span> <span class='ocrx_word' id='word_1_164' title='bbox 351 2072 406 2115; x_wconf 86' lang='lat' dir='ltr'><strong>A.</strong></span> <span class='ocrx_word' id='word_1_165' title='bbox 440 2073 526 2115; x_wconf 80' lang='lat'><strong>356</strong></span> <span class='ocrx_word' id='word_1_166' title='bbox 551 2080 595 2115; x_wconf 84' lang='lat' dir='ltr'><strong>et</strong></span> <span class='ocrx_word' id='word_1_167' title='bbox 622 2071 747 2123; x_wconf 80' lang='lat' dir='ltr'>alibi,</span> <span class='ocrx_word' id='word_1_168' title='bbox 779 2063 1082 2127; x_wconf 72' lang='grc' dir='ltr'><strong><em>ἂπουράμενος</em></strong></span> <span class='ocrx_word' id='word_1_169' title='bbox 1110 2084 1199 2112; x_wconf 91' lang='lat' dir='ltr'><strong>non</strong></span> <span class='ocrx_word' id='word_1_170' title='bbox 1228 2067 1311 2111; x_wconf 86' lang='lat' dir='ltr'>nisi</span> <span class='ocrx_word' id='word_1_171' title='bbox 1342 2067 1427 2110; x_wconf 84' lang='lat' dir='ltr'><strong>hoc</strong></span> <span class='ocrx_word' id='word_1_172' title='bbox 1455 2081 1543 2108; x_wconf 88' lang='lat' dir='ltr'><strong>uno</strong></span> <span class='ocrx_word' id='word_1_173' title='bbox 1571 2066 1668 2109; x_wconf 88' lang='lat' dir='ltr'><strong>loco</strong></span> <span class='ocrx_word' id='word_1_174' title='bbox 1689 2064 1748 2108; x_wconf 84' lang='lat' dir='ltr'><strong>in·</strong></span> 
     </span>
     <span class='ocr_line' id='line_1_22' title="bbox 262 2139 1748 2192; baseline -0.006 -1"><span class='ocrx_word' id='word_1_175' title='bbox 262 2148 456 2191; x_wconf 83' lang='lat' dir='ltr'><strong>venitur.</strong></span> <span class='ocrx_word' id='word_1_176' title='bbox 499 2148 723 2192; x_wconf 79' lang='lat' dir='ltr'><strong>Passivum</strong></span> <span class='ocrx_word' id='word_1_177' title='bbox 754 2148 797 2190; x_wconf 92' lang='lat' dir='ltr'><strong>id</strong></span> <span class='ocrx_word' id='word_1_178' title='bbox 827 2161 930 2190; x_wconf 82' lang='lat' dir='ltr'><strong>cum</strong></span> <span class='ocrx_word' id='word_1_179' title='bbox 961 2146 1061 2189; x_wconf 77' lang='lat' dir='ltr'>aliis</span> <span class='ocrx_word' id='word_1_180' title='bbox 1090 2143 1248 2188; x_wconf 79' lang='lat' dir='ltr'><strong>habuit</strong></span> <span class='ocrx_word' id='word_1_181' title='bbox 1272 2144 1531 2188; x_wconf 78' lang='lat' dir='ltr'><strong>Buttmann.</strong></span> <span class='ocrx_word' id='word_1_182' title='bbox 1553 2142 1600 2185; x_wconf 91' lang='lat' dir='ltr'><strong>in</strong></span> <span class='ocrx_word' id='word_1_183' title='bbox 1614 2139 1748 2184; x_wconf 84' lang='lat' dir='ltr'>Lexil</span> 
     </span>
     <span class='ocr_line' id='line_1_23' title="bbox 263 2216 1748 2281; baseline -0.006 -13"><span class='ocrx_word' id='word_1_184' title='bbox 263 2224 315 2268; x_wconf 91' lang='lat' dir='ltr'><strong>T.</strong></span> <span class='ocrx_word' id='word_1_185' title='bbox 331 2223 365 2267; x_wconf 89' lang='lat'><strong>1.</strong></span> <span class='ocrx_word' id='word_1_186' title='bbox 387 2238 430 2281; x_wconf 90' lang='lat' dir='ltr'><strong>p.</strong></span> <span class='ocrx_word' id='word_1_187' title='bbox 444 2225 515 2268; x_wconf 88' lang='grc'><strong>76.</strong></span> <span class='ocrx_word' id='word_1_188' title='bbox 557 2223 758 2267; x_wconf 89' lang='lat' dir='ltr'><strong>Medium</strong></span> <span class='ocrx_word' id='word_1_189' title='bbox 779 2238 866 2266; x_wconf 83' lang='lat' dir='ltr'><strong>esse</strong></span> <span class='ocrx_word' id='word_1_190' title='bbox 882 2222 982 2266; x_wconf 87' lang='lat' dir='ltr'><strong>vult</strong></span> <span class='ocrx_word' id='word_1_191' title='bbox 1004 2221 1285 2265; x_wconf 80' lang='lat' dir='ltr'><strong>Hermannus</strong></span> <span class='ocrx_word' id='word_1_192' title='bbox 1307 2217 1425 2277; x_wconf 92' lang='lat' dir='ltr'><strong>Opp.</strong></span> <span class='ocrx_word' id='word_1_193' title='bbox 1442 2218 1496 2261; x_wconf 88' lang='grc' dir='ltr'><strong>Τ.</strong></span> <span class='ocrx_word' id='word_1_194' title='bbox 1516 2217 1594 2263; x_wconf 92' lang='lat' dir='ltr'><strong>VI.</strong></span> <span class='ocrx_word' id='word_1_195' title='bbox 1610 2231 1655 2274; x_wconf 89' lang='lat' dir='ltr'><strong>p.</strong></span> <span class='ocrx_word' id='word_1_196' title='bbox 1676 2216 1748 2260; x_wconf 61' lang='lat'><strong>19}</strong></span> 
     </span>
     <span class='ocr_line' id='line_1_24' title="bbox 261 2293 1748 2358; baseline -0.007 -14"><span class='ocrx_word' id='word_1_197' title='bbox 261 2314 364 2358; x_wconf 69' lang='lat' dir='ltr'><strong>aeq„</strong></span> <span class='ocrx_word' id='word_1_198' title='bbox 389 2308 436 2342; x_wconf 85' lang='lat' dir='ltr'><strong>ut</strong></span> <span class='ocrx_word' id='word_1_199' title='bbox 469 2298 690 2343; x_wconf 79' lang='lat' dir='ltr'><strong>referatur</strong></span> <span class='ocrx_word' id='word_1_200' title='bbox 715 2307 807 2342; x_wconf 81' lang='lat' dir='ltr'><strong>tam</strong></span> <span class='ocrx_word' id='word_1_201' title='bbox 833 2298 886 2342; x_wconf 78' lang='lat' dir='ltr'><strong>ad</strong></span> <span class='ocrx_word' id='word_1_202' title='bbox 917 2299 1090 2342; x_wconf 88' lang='lat' dir='ltr'><strong>leonem</strong></span> <span class='ocrx_word' id='word_1_203' title='bbox 1117 2310 1290 2340; x_wconf 82' lang='lat' dir='ltr'><strong>caesum</strong></span> <span class='ocrx_word' id='word_1_204' title='bbox 1317 2309 1452 2353; x_wconf 80' lang='lat' dir='ltr'><strong>quam</strong></span> <span class='ocrx_word' id='word_1_205' title='bbox 1477 2293 1529 2336; x_wconf 80' lang='lat' dir='ltr'><strong>ad</strong></span> <span class='ocrx_word' id='word_1_206' title='bbox 1550 2307 1692 2352; x_wconf 78' lang='lat' dir='ltr'><strong>apros,</strong></span> <span class='ocrx_word' id='word_1_207' title='bbox 1717 2297 1748 2334; x_wconf 70' lang='lat' dir='ltr'><strong>ei</strong></span> 
     </span>
     <span class='ocr_line' id='line_1_25' title="bbox 261 2366 1748 2434; baseline -0.006 -15"><span class='ocrx_word' id='word_1_208' title='bbox 261 2390 410 2419; x_wconf 69' lang='lat' dir='ltr'><strong>sensus</strong></span> <span class='ocrx_word' id='word_1_209' title='bbox 430 2375 510 2418; x_wconf 76' lang='lat' dir='ltr'><strong>sit:</strong></span> <span class='ocrx_word' id='word_1_210' title='bbox 540 2380 611 2434; x_wconf 81' lang='lat' dir='ltr'><strong>qui</strong></span> <span class='ocrx_word' id='word_1_211' title='bbox 633 2380 870 2418; x_wconf 76' lang='lat' dir='ltr'><strong>seinvicem</strong></span> <span class='ocrx_word' id='word_1_212' title='bbox 898 2373 1211 2429; x_wconf 68' lang='lat' dir='ltr'><strong>interficet-ant,</strong></span> <span class='ocrx_word' id='word_1_213' title='bbox 1234 2372 1340 2424; x_wconf 75' lang='lat' dir='ltr'>sive,</span> <span class='ocrx_word' id='word_1_214' title='bbox 1366 2378 1417 2414; x_wconf 86' lang='lat' dir='ltr'><strong>ut</strong></span> <span class='ocrx_word' id='word_1_215' title='bbox 1433 2370 1636 2413; x_wconf 78' lang='lat' dir='ltr'><strong>adsensus</strong></span> <span class='ocrx_word' id='word_1_216' title='bbox 1649 2366 1748 2411; x_wconf 81' lang='lat' dir='ltr'><strong>Her·</strong></span> 
     </span>
     <span class='ocr_line' id='line_1_26' title="bbox 263 2441 1748 2510; baseline -0.007 -15"><span class='ocrx_word' id='word_1_217' title='bbox 263 2465 428 2495; x_wconf 79' lang='lat' dir='ltr'><strong>manno</strong></span> <span class='ocrx_word' id='word_1_218' title='bbox 449 2451 648 2495; x_wconf 75' lang='lat' dir='ltr'><strong>Rankius</strong></span> <span class='ocrx_word' id='word_1_219' title='bbox 675 2451 833 2502; x_wconf 80' lang='lat' dir='ltr'><strong>vertit,</strong></span> <span class='ocrx_word' id='word_1_220' title='bbox 857 2454 927 2510; x_wconf 74' lang='lat' dir='ltr'><strong>qui</strong></span> <span class='ocrx_word' id='word_1_221' title='bbox 952 2446 1034 2491; x_wconf 74' lang='lat' dir='ltr'><strong>sibl</strong></span> <span class='ocrx_word' id='word_1_222' title='bbox 1062 2453 1186 2491; x_wconf 78' lang='lat' dir='ltr'><strong>vitam</strong></span> <span class='ocrx_word' id='word_1_223' title='bbox 1217 2452 1484 2505; x_wconf 78' lang='lat' dir='ltr'><strong>eripuerant;</strong></span> <span class='ocrx_word' id='word_1_224' title='bbox 1514 2444 1587 2489; x_wconf 72' lang='lat' dir='ltr'><strong>sed</strong></span> <span class='ocrx_word' id='word_1_225' title='bbox 1617 2441 1748 2487; x_wconf 72' lang='lat' dir='ltr'><strong>nesci&lt;</strong></span> 
     </span>
     <span class='ocr_line' id='line_1_27' title="bbox 263 2516 1748 2584; baseline -0.005 -17"><span class='ocrx_word' id='word_1_226' title='bbox 263 2540 320 2568; x_wconf 78' lang='lat' dir='ltr'><strong>an</strong></span> <span class='ocrx_word' id='word_1_227' title='bbox 354 2524 519 2579; x_wconf 77' lang='lat' dir='ltr'><strong>obstet,</strong></span> <span class='ocrx_word' id='word_1_228' title='bbox 561 2526 677 2584; x_wconf 89' lang='lat' dir='ltr'><strong>quod</strong></span> <span class='ocrx_word' id='word_1_229' title='bbox 710 2526 848 2570; x_wconf 79' lang='lat' dir='ltr'><strong>iacere</strong></span> <span class='ocrx_word' id='word_1_230' title='bbox 878 2526 987 2569; x_wconf 74' lang='lat' dir='ltr'><strong>oaesi</strong></span> <span class='ocrx_word' id='word_1_231' title='bbox 1025 2524 1122 2583; x_wconf 80' lang='lat' dir='ltr'><strong>apri</strong></span> <span class='ocrx_word' id='word_1_232' title='bbox 1151 2523 1366 2567; x_wconf 80' lang='lat' dir='ltr'><strong>dicuntur</strong></span> <span class='ocrx_word' id='word_1_233' title='bbox 1393 2520 1475 2565; x_wconf 82' lang='lat' dir='ltr'><strong>sub</strong></span> <span class='ocrx_word' id='word_1_234' title='bbox 1514 2516 1748 2564; x_wconf 63' lang='lat' dir='ltr'><strong>leonibus</strong></span> 
     </span>
     <span class='ocr_line' id='line_1_28' title="bbox 265 2591 1748 2659; baseline -0.005 -16"><span class='ocrx_word' id='word_1_235' title='bbox 265 2599 556 2659; x_wconf 83' lang='lat' dir='ltr'><strong>(iungendum</strong></span> <span class='ocrx_word' id='word_1_236' title='bbox 597 2602 717 2646; x_wconf 89' lang='lat' dir='ltr'><strong>enim</strong></span> <span class='ocrx_word' id='word_1_237' title='bbox 759 2595 844 2645; x_wconf 64' lang='grc' dir='ltr'><strong>ὑπὸ</strong></span> <span class='ocrx_word' id='word_1_238' title='bbox 877 2592 1035 2644; x_wconf 72' lang='grc' dir='ltr'><em>λέουσι</em></span> <span class='ocrx_word' id='word_1_239' title='bbox 1070 2613 1172 2642; x_wconf 82' lang='lat' dir='ltr'><strong>cum</strong></span> <span class='ocrx_word' id='word_1_240' title='bbox 1219 2591 1390 2651; x_wconf 77' lang='grc' dir='ltr'><strong><em>κείατο,</em></strong></span> <span class='ocrx_word' id='word_1_241' title='bbox 1431 2611 1522 2639; x_wconf 91' lang='lat' dir='ltr'><strong>non</strong></span> <span class='ocrx_word' id='word_1_242' title='bbox 1553 2608 1657 2638; x_wconf 84' lang='lat' dir='ltr'><strong>cum</strong></span> <span class='ocrx_word' id='word_1_243' title='bbox 1689 2602 1748 2636; x_wconf 80' lang='grc' dir='ltr'><strong>τε·</strong></span> 
     </span>
     <span class='ocr_line' id='line_1_29' title="bbox 264 2664 1748 2727; baseline -0.007 -8"><span class='ocrx_word' id='word_1_244' title='bbox 264 2666 460 2727; x_wconf 74' lang='grc' dir='ltr'><strong>θνηῶτεςε</strong></span> <span class='ocrx_word' id='word_1_245' title='bbox 509 2692 613 2720; x_wconf 75' lang='lat' dir='ltr'><strong>nam</strong></span> <span class='ocrx_word' id='word_1_246' title='bbox 658 2677 812 2721; x_wconf 78' lang='lat' dir='ltr'><strong>Graeci</strong></span> <span class='ocrx_word' id='word_1_247' title='bbox 858 2676 1016 2721; x_wconf 85' lang='lat' dir='ltr'><strong>dicunt</strong></span> <span class='ocrx_word' id='word_1_248' title='bbox 1060 2666 1235 2726; x_wconf 71' lang='grc' dir='ltr'><strong><em>τεθνηὼς</em></strong></span> <span class='ocrx_word' id='word_1_249' title='bbox 1274 2666 1356 2717; x_wconf 79' lang='grc' dir='ltr'><strong>ὑπό</strong></span> <span class='ocrx_word' id='word_1_250' title='bbox 1388 2683 1520 2726; x_wconf 73' lang='grc' dir='ltr'><strong><em>τινος,</em></strong></span> <span class='ocrx_word' id='word_1_251' title='bbox 1558 2684 1649 2714; x_wconf 87' lang='lat' dir='ltr'><strong>non</strong></span> <span class='ocrx_word' id='word_1_252' title='bbox 1679 2664 1748 2710; x_wconf 74' lang='grc' dir='ltr'><strong>ὒπι</strong></span> 
     </span>
     <span class='ocr_line' id='line_1_30' title="bbox 266 2744 1736 2811; baseline -0.004 -18"><span class='ocrx_word' id='word_1_253' title='bbox 266 2744 393 2809; x_wconf 66' lang='grc' dir='ltr'>τινα),</span> <span class='ocrx_word' id='word_1_254' title='bbox 425 2753 509 2796; x_wconf 73' lang='lat' dir='ltr'>nisi</span> <span class='ocrx_word' id='word_1_255' title='bbox 543 2753 606 2796; x_wconf 88' lang='lat' dir='ltr'><strong>ibi</strong></span> <span class='ocrx_word' id='word_1_256' title='bbox 636 2753 774 2811; x_wconf 75' lang='lat' dir='ltr'><strong>finges</strong></span> <span class='ocrx_word' id='word_1_257' title='bbox 805 2754 973 2805; x_wconf 72' lang='lat' dir='ltr'><strong>leones,</strong></span> <span class='ocrx_word' id='word_1_258' title='bbox 1004 2758 1157 2810; x_wconf 79' lang='lat' dir='ltr'><strong>utpote</strong></span> <span class='ocrx_word' id='word_1_259' title='bbox 1184 2750 1271 2794; x_wconf 77' lang='lat' dir='ltr'><strong>iam</strong></span> <span class='ocrx_word' id='word_1_260' title='bbox 1296 2765 1378 2809; x_wconf 86' lang='lat' dir='ltr'><strong>pro</strong></span> <span class='ocrx_word' id='word_1_261' title='bbox 1402 2756 1528 2808; x_wconf 77' lang='lat' dir='ltr'><strong>parte</strong></span> <span class='ocrx_word' id='word_1_262' title='bbox 1551 2746 1736 2791; x_wconf 70' lang='lat' dir='ltr'><strong>victores</strong></span> 
     </span>
    </p>
   </div>
  </div>
 </body>
</html>
