1748 3224
230 206 291 254 12
812 222 1127 254 conumnmvs

223 340 466 381 admodum
485 340 700 395 .antiquo‚
740 347 856 381 certe
896 355 985 381 non
1021 340 1193 397 optimo
1228 340 1376 396 poeta,
1409 337 1601 381 fundum
1631 339 1724 381 eius

224 414 450 472 opinionis
473 412 760 455 sufficientem
789 430 880 456 non
906 415 1054 457 videre
1078 429 1149 456 me
1171 412 1327 458 fateor.
1370 413 1613 457 Commode
1632 414 1721 455 iam

225 490 423 532 Rankius
446 489 784 541 animadvertit,
811 489 950 531 videri
971 491 1148 547 poetam
1173 489 1323 547 primo
1344 490 1440 532 loco
1459 504 1562 531 cum
1591 488 1722 532 femi-

224 566 295 607 nis
323 563 617 615 mortalibus‚'
637 564 796 606 deinde
821 579 925 606 cum
956 565 1043 607 Dea
1071 580 1328 622 comparare
1354 563 1617 608 Alcmenam
1647 579 1724 606 vo·

223 640 378 690 luisse,
420 652 560 694 neque
598 653 685 680 esse
718 639 1061 696 praetereunda,
1101 654 1212 696 quae
1249 639 1298 681 in
1331 639 1519 696 reliquis
1544 639 1722 682 Hesiodi

223 713 497 757 carminibus
534 720 578 754 et
615 714 729 770 apud
771 712 1017 756 Homerum
1059 714 1226 756 similia
1259 714 1476 771 legantur.
1539 712 1725 758 Confert

223 789 382 832 deinde
412 776 541 845 Ἕργ.
588 803 630 832 v.
666 789 736 840 65,
773 789 859 832 Th.
897 790 998 841 910,
1043 788 1127 833 od.
1174 790 1223 832 Σ.
1273 791 1373 841 191,
1418 789 1472 832 H.
1508 790 1639 835 Hom.
1673 791 1721 834 in

222 865 334 909 Ven.
372 865 455 906 174
484 878 570 920 seq.
1321 886 1324 888 Δ
1542 866 1543 870 ’

284 1031 327 1059 v.
361 1017 403 1059 7.
450 1007 690 1073 βλεφάρων
722 1011 766 1056 τ’
802 1009 894 1059 ἄπο
925 999 1165 1076 manaim]
1230 1015 1384 1059 Citans
1413 1017 1541 1069 haec,
1566 1025 1618 1060 ut
1639 1018 1722 1062 He-

223 1091 391 1143 siodea,
423 1091 626 1135 Eustath.
657 1092 711 1134 ad
739 1092 792 1136 Il.
831 1108 878 1150 p.
908 1094 1045 1145 1363,
1086 1096 1141 1136 55
1171 1108 1259 1136 esse
1289 1093 1390 1136 vult
1415 1094 1721 1150 pleonasmum

223 1166 301 1208 τοῦ
322 1180 364 1210 a.
407 1166 495 1224 Qui
528 1167 658 1210 verba
679 1175 861 1210 rantum
883 1168 1038 1220 citant,
1063 1169 1195 1211 metri
1215 1183 1341 1211 causa
1357 1169 1574 1211 insertum
1590 1183 1621 1213 οι
1640 1184 1738 1228 pu·-

225 1249 336 1294 tant,
354 1243 486 1285 etiam
501 1243 711 1301 Apollon.
725 1259 770 1302 p.
787 1244 858 1295 61,
873 1245 923 1287 21
945 1244 1055 1286 Lex.
1067 1243 1198 1286 Hom.
1226 1259 1268 1287 v.
1285 1235 1338 1287 33⁸oe
1369 1251 1411 1286 et
1432 1244 1720 1288 Herodianus.

223 1317 308 1359 Pro
348 1318 555 1375 exemplo
589 1334 691 1360 cum
729 1318 931 1361 neutrius
964 1319 1136 1376 generis
1172 1319 1447 1363 substantivo
1476 1321 1618 1363 iuncti
1649 1322 1722 1364 ad-

223 1391 375 1435 iectivi
397 1390 607 1436 feminini
637 1395 808 1452 generis
830 1393 963 1452 habet
978 1393 1126 1438 Schol.
1141 1394 1252 1438 Ven.
1276 1395 1327 1437 ad
1344 1395 1399 1440 11.
1415 1396 1466 1439 Τ.
1491 1399 1530 1438 1.
1593 1396 1721 1439 Nihil

223 1468 427 1527 equidem
455 1469 617 1512 horum
652 1468 782 1513 facile
806 1471 1066 1513 admittam.
1122 1471 1438 1514 Recentiorum
1477 1487 1609 1530 super
1642 1473 1725 1516 hao

222 1559 272 1589 re
305 1544 448 1587 varias
475 1545 707 1603 opiniones
735 1547 836 1590 vide
865 1547 978 1604 apud
1009 1546 1238 1590 Rankium
1270 1547 1317 1589 in
1348 1547 1464 1606 App.
1499 1547 1632 1602 crit„
1665 1563 1723 1592 ex

222 1619 382 1678 quibua
427 1620 545 1663 mihi
583 1622 781 1664 maxime
821 1621 1036 1680 probatur
1079 1622 1214 1665 etiam
1261 1616 1285 1675 ἡ
1328 1616 1540 1681 βλεφάρη
1583 1625 1653 1668 vel
1700 1618 1724 1677 ἡ

222 1687 469 1753 βλέφαρος.
529 1695 615 1739 Pro
641 1696 724 1740 hoc
748 1697 928 1754 quidem
955 1711 1151 1761 pugnare
1182 1696 1389 1740 videatur
1416 1697 1720 1756 fragmentum

224 1770 351 1829 Ibyci
394 1785 438 1828 p.
478 1772 533 1814 97
580 1765 803 1829 κυανέῃσιν
847 1765 931 1815 ὑπὸ
967 1763 1245 1830 βλεφάροις,
1287 1773 1390 1816 satis
1426 1773 1463 1816 si
1494 1772 1721 1818 fidendum

223 1847 420 1892 lectioni.
1104 1842 1112 1850 ’

283 2013 326 2044 v.
360 2002 402 2044 8.
435 1990 547 2056 ἄηθ’]
594 1989 662 2041 Ila
685 2004 851 2057 spirare
881 2014 1045 2041 amores
1069 2000 1220 2058 puella
1240 1999 1408 2044 dicitur
1428 2001 1542 2060 apud
1567 2002 1720 2047 Horat.

224 2075 302 2120 IV.
341 2088 448 2119 xnr.
499 2076 573 2125 19,
611 2072 690 2116 ubi
736 2075 901 2117 locum*
924 2074 1045 2118 hunc
1087 2082 1131 2118 et
1173 2075 1260 2118 alia
1286 2076 1503 2119 eiusmodi
1529 2078 1722 2121 contulit

223 2149 546 2194 Mitscherlich.
608 2148 690 2194 Sed
726 2148 895 2193 oblitus
935 2158 999 2193 est
1037 2149 1241 2193 conferre
1276 2151 1407 2195 Hom.
1447 2152 1500 2196 H.
1541 2155 1590 2196 in
1618 2152 1716 2198 Cer.

223 2241 268 2271 v.
296 2227 382 2270 275
413 2220 510 2284 περί
535 2221 577 2267 τ’
609 2219 737 2282 ἀμφί
762 2236 813 2268 τε
841 2217 1006 2273 κάλλος
1037 2217 1169 2280 baira,
1201 2227 1255 2270 ad
1280 2242 1391 2286 quae
1418 2228 1508 2273 vid.
1531 2229 1717 2273 Ruhnk.

222 2300 382 2346 Simile
422 2309 570 2344 autem
614 2301 732 2345 illud
775 2302 829 2345 de
866 2301 1033 2346 Gratiis
1061 2302 1109 2346 in
1136 2303 1222 2348 Th.
1254 2305 1364 2348 910:
1405 2297 1490 2347 τῶν
1517 2299 1593 2347 καὶ
1630 2297 1721 2348 ἀπὸ

222 2369 462 2435 βλεφάρων
492 2372 580 2435 ἔρος
613 2367 761 2433 ἐίβετο
789 2368 1092 2436 δερκομενάων.

289 2444 575 2512 Ἀφροδίτης]
601 2452 739 2497 Cuius
759 2454 955 2497 solemne
974 2453 1203 2512 epitheton
1226 2447 1576 2515 ἑλικοβλέφαρος
1610 2455 1718 2516 (vid.

222 2527 310 2571 Th.
334 2530 436 2587 19.)‚
453 2545 558 2590 quae
580 2539 688 2573 esset
706 2536 868 2590 argutis
887 2530 1019 2574 oculis
1030 2562 1043 2584 ,
1066 2538 1117 2574 ut
1136 2540 1251 2575 recte
1273 2531 1488 2577 Graevius
1507 2533 1718 2593 explicat.

283 2693 325 2721 v.
362 2681 403 2724 9.
437 2674 460 2733 ἡ
487 2672 534 2726 δὶ
566 2676 641 2725 καὶ
676 2675 753 2742 ὣς]
804 2682 1025 2727 Pertinuit
1048 2682 1132 2726 hoc
1150 2683 1283 2727 etiam
1303 2683 1356 2727 ad
1372 2682 1608 2728 Alcmenae
1623 2684 1719 2728 lau-

220 2754 318 2807 des.
353 2757 467 2812 quod
494 2773 540 2801 ea
570 2758 630 2802 sic
659 2759 875 2803 maritum
902 2773 1033 2803 auum
1062 2759 1251 2813 dilexit,
1285 2767 1336 2803 ut
1364 2760 1490 2805 nulla
1521 2773 1716 2818 unquam
