1748 3224
557 260 597 288 m
632 259 796 291 imswm
829 260 1005 292 scvrvu.
1469 246 1534 294 85

90 387 132 414 v.
156 373 256 415 303.
295 363 624 431 καρχαρόδοντε
657 369 754 415 κύνε
786 366 901 432 πρό]
962 372 1259 418 venatoribus
1302 374 1535 433 praeibant

30 449 119 491 duo
159 462 307 498 canes,
348 448 425 504 qui
469 462 682 490 numerus
723 447 770 490 in
812 449 1048 492 venatione
1085 450 1297 493 solemnis
1332 458 1449 502 erat,
1482 460 1535 494 ut

29 521 173 565 feram
207 522 464 579 insequente
499 523 639 565 altero
675 523 789 565 alter
821 532 1120 582 praeverteret
1158 540 1206 568 ac
1235 525 1395 570 deinde
1417 525 1533 570 facto

28 600 219 643 circuitu
247 599 483 656 exciperet.
544 599 647 642 Vid.
676 600 730 643 11.
750 601 802 644 K.
829 602 934 654 3603
970 602 1147 646 Arrian.
1179 604 1233 646 de
1259 603 1372 648 Ven.
1409 605 1533 648 c..16

29 683 74 719 et
102 677 182 728 203
213 675 422 719 Philostr.
445 675 542 717 Iun.
572 675 708 734 Imag.
731 679 773 720 3.
828 676 934 720 Noti
959 685 1063 719 sunt
1091 678 1179 721 duo
1204 694 1331 723 canes
1356 680 1530 725 Bootae.

29 751 276 794 Pallantem
301 765 476 808 quoque
501 751 615 808 apud
646 750 772 809 Virg.
804 752 913 797 Aen.
943 752 1065 796 VIII.
1099 754 1179 797 461
1211 755 1379 814 gemini
1407 770 1534 799 canes

27 827 318 870 comitantur.
379 825 555 882 Itaque,
600 825 745 868 iudice
781 827 916 869 etiam
954 826 1153 884 Wolfio,
1190 845 1305 886 non,
1337 839 1389 874 ut
1422 831 1532 882 Her-

28 917 194 944 manno
231 902 396 951 visum,
447 915 556 957 opus
596 901 669 943 hic
710 900 798 944 fuit
836 902 987 945 addito
1025 894 1121 946 δύο.
1184 903 1408 949 Similiter
1437 906 1533 950 sine

29 977 112 1020 h'oc
150 977 310 1034 passim
361 976 478 1034 apud
522 975 768 1018 Homerum
802 977 1004 1020 invenias
1043 969 1189 1035 ἵππω,
1232 982 1423 1025 solemni
1467 981 1533 1026 ibi

25 1066 199 1110 quoque
227 1053 422 1095 duorum
455 1066 643 1095 numero
676 1054 720 1096 in
756 1052 886 1112 bigis3
929 1054 1041 1098 item·
1068 1048 1151 1110 βόε
1178 1056 1232 1099 de
1264 1057 1368 1115 iugo
1394 1053 1532 1100 boum

26 1126 109 1171 od.
141 1122 196 1169 N.
231 1127 310 1177 32,
344 1126 442 1170 Hes.
467 1116 594 1186 ”Εργ.
630 1130 738 1184 430,
776 1131 874 1172 451.
991 1121 1019 1149 ⁶

83 1203 406 1261 Postpositum,
435 1211 487 1246 ut
518 1204 604 1255 hic,
637 1203 719 1261 πρὸ
740 1205 876 1248 etiam
899 1205 952 1250 Il.
976 1205 1033 1249 Θ.
1058 1208 1156 1258 561,
1181 1207 1234 1251 Κ.
1258 1207 1326 1259 12,
1340 1207 1403 1251 «Τ.
1432 1208 1530 1252 118.

30 1371 33 1377 ·
83 1369 157 1398 vv,
191 1356 442 1399 305—313.
488 1355 905 1405 Curulecertamen
935 1357 992 1400 ob
1012 1358 1251 1415 tripodem.
1287 1353 1444 1411 ἱππῆες
1483 1357 1532 1417 (ἰ.

23 1445 60 1473 e.
95 1444 231 1472 curru
265 1431 402 1483 vecti,
443 1447 629 1474 currum
670 1432 908 1490 agitantes„
942 1440 995 1474 ut
1025 1434 1185 1490 passim
1218 1434 1335 1493 apud
1367 1434 1533 1478 Home-

23 1504 146 1559 rum)
177 1498 289 1566 ἕχον
318 1499 457 1559 πόνον,
479 1507 754 1559 laborabant,
775 1523 948 1552 summa
973 1509 1261 1552 contentione
1280 1509 1528 1561 certabant;

23 1581 139 1637 quod
167 1581 374 1625 disertius
412 1585 540 1640 poeta
579 1583 798 1641 expressit
826 1583 1128 1640 sequentibus:
1161 1576 1290 1641 ἀμφὶ
1321 1575 1362 1628 δ’
1387 1575 1531 1644 ἀέθλῳ

25 1649 153 1713 Δῆριν
186 1650 296 1716 ἔχον
335 1653 408 1700 κα)
449 1650 652 1717 μόχθον,
688 1659 758 1702 sed
798 1674 955 1716 parum
992 1660 1215 1716 eleganter
1245 1660 1435 1718 repetito
1466 1659 1530 1702 ibi

25 1725 148 1791 ἐ’χον.

30 1915 35 1921 .
84 1899 128 1927 v.
150 1885 252 1928 305.
293 1878 385 1942 πὰρ
420 1877 457 1928 δ’
485 1882 632 1933 αὐτοῖς
651 1887 791 1938 docet,
815 1887 929 1930 hanc
952 1887 1194 1946 imaginem
1212 1886 1260 1928 in
1276 1886 1435 1944 clypeo
1458 1885 1533 1928 illi

26 1958 254 2002 'venationi
300 1960 558 2017 proximam
613 1960 760 2005 fuisse.
831 1962 938 2005 Erat
976 1961 1158 2020 quidem
1200 1962 1335 2004 etiam
1376 1961 1534 2003 curule

26 2042 251 2078 certamen
283 2036 404 2079 inter
434 2038 553 2095 pacis
583 2052 731 2095 opera.

85 2102 229 2171 ἇέθλῳ
273 2112 346 2154 hic
377 2112 547 2155 dictum
581 2113 634 2156 de
667 2113 868 2171 praemio
897 2112 1180 2163 certaminis,
1213 2120 1264 2154 ut
1295 2127 1336 2155 v.
1363 2113 1447 2156 311
1481 2112 1534 2155 de

26 2185 121 2244 ipso
150 2188 403 2231 certamine.

27 2363 31 2372 ·
86 2353 128 2381 v.
165 2340 249 2382 307
293 2354 378 2397 seq.
438 2331 621 2396 ἐφίεσαν
660 2330 799 2386 ὠκέας
836 2329 1001 2385 ’ἱππ-ους
1045 2332 1181 2381 Ῥυτᾰ
1219 2329 1530 2398 χαλαίνοντες]

28 2413 177 2456 Latini
210 2414 260 2457 in
292 2402 374 2457 bac
404 2430 452 2457 re
481 2415 640 2457 dicunt
669 2429 797 2473 equos
827 2414 1060 2457 admittere.
1108 2414 1212 2458 Vid.
1239 2413 1332 2458 Cic.
1355 2413 1409 2456 de
1432 2413 1533 2456 Fin.

28 2488 85 2533 II.
121 2491 199 2541 19,
242 2490 341 2534 Liv.
370 2490 428 2534 ΙΙ.
452 2492 521 2533 19.
585 2489 707 2547 Quae
736 2483 851 2545 ῥυτὰ
883 2489 956 2531 hic
987 2490 1222 2541 dicuntur,
1257 2490 1374 2548 apud
1397 2488 1529 2532 Hom.

12 2563 84 2618 311.
129 2565 186 2610 Π.
229 2567 313 2610 475
359 2574 465 2608 sunt
504 2559 697 2623 ῥυτῆρες,
746 2565 934 2607 habenae
981 2564 1167 2617 curules,
1208 2565 1324 2616 lora,
1372 2563 1533 2622 quibus

3 2624 129 2697 'equi
172 2641 370 2684 adductis
410 2642 652 2692 sistuntur,
692 2641 850 2684 laxatis
887 2640 1208 2694 admittuntur.
1277 2632 1533 2693 Ἱπποδέτην

29 2707 188 2774 ῥυτῆρα
225 2716 439 2760 similiter
477 2716 597 2760 dixit
635 2715 845 2775 Sophocl.
886 2717 931 2759 in
966 2715 1096 2759 Aiace
1130 2731 1170 2759 v.
1201 2717 1302 2759 241.
1365 2715 1531 2775 Auriga

32 2798 200 2844 autem,
230 2807 318 2849 quo
348 2784 463 2849 p‘vrbc
495 2801 684 2851 regeret,
717 2808 852 2835 manu
885 2793 1060 2836 tenebat
1091 2800 1293 2850 aptatum
1325 2792 1381 2835 iis
1399 2785 1534 2849 βυτ-σι-
