1748 3224
230 218 299 266 64
813 230 1130 263 conusnunws

232 337 342 391 md.
372 357 424 387 π.
478 341 678 401 Γοργοῦς·
726 334 854 398 ἀμφὶ
893 335 941 386 δέ
976 356 1050 398 μιν
1087 343 1136 401 (i.
1169 357 1206 386 e.
1238 334 1365 398 ἀμφὶ
1396 335 1529 402 κάρη)
1559 336 1723 400 κίβισις

233 412 323 473 θέε,
356 417 572 468 currebat,
589 415 834 475 ferebatur.
865 416 998 462 Conf.
1019 432 1153 476 supra
1176 417 1293 460 dicta
1313 417 1368 461 ad
1387 434 1429 462 v.
1446 421 1547 465 146.
1607 419 1726 463 Male

231 493 411 541 Scholia
444 492 654 550 paraphr.
699 481 802 551 εἶχε
840 501 1076 551 exponunt
1106 483 1367 548 ἓβοίστοιζε,
1404 501 1458 536 ut
1490 495 1549 537 sit
1577 486 1726 551 μετά-

233 568 383 627 φρενον
404 567 724 610 nominativus.
783 568 963 611 Rectius
993 568 1184 612 Tzetzes:
1219 561 1270 611 τὸ
1299 559 1347 611 δὲ
1380 559 1563 627 ἄγγεῗον
1593 561 1724 614 ἓκεῖνο

234 639 391 688 &neore
420 635 470 686 τὸ
499 634 788 699 μετάφρενον.

292 719 502 768 Citantur
533 717 663 770 haec,
695 725 746 760 ut
777 717 980 769 Hesiodi,
1012 718 1129 776 apud
1161 716 1372 776 Apollod.
1394 719 1430 762 l.
1458 734 1496 762 c.
1523 719 1550 775 §
1572 721 1622 771 7,
1653 719 1728 762 sed

232 810 342 853 quae
371 792 438 836 ibi
467 800 659 843 exstant,
689 791 888 850 Heynius
919 791 973 835 ad
1002 807 1108 835 eum
1138 793 1288 835 locum
1319 800 1436 837 recte
1465 808 1557 837 nou
1579 793 1730 838 deberi

234 869 504 929 Apollodoro
533 868 718 912 censuit.

294 937 404 1003 κάρη
431 936 576 987 δεινοῖο
603 936 796 1002 πελώρου
823 936 1037 1003 Γοργοῦς]
1099 943 1324 987 Similiter
1358 945 1476 1003 apud
1509 945 1640 988 Hom.
1671 943 1727 987 Il.

235 1022 288 1066 E.
322 1022 404 1065 741
437 1019 605 1062 dicitur
634 1010 814 1079 Γοργείη
841 1013 1016 1075 κεφαλὴ
1049 1010 1199 1062 δεινοῖο
1234 1011 1456 1078 πελώρου,
1485 1028 1530 1063 et
1558 1020 1616 1064 ob
1641 1027 1730 1062 ter-

234 1096 417 1139 ribilem
448 1096 542 1138 eius
563 1096 811 1154 adspectum
844 1088 994 1153 Γοργῶ
1018 1087 1298 1152 βλοσυρῶπις
1328 1086 1456 1138 δεινὸν
1485 1086 1730 1153 δερκομένη.

237 1170 369 1217 Conf.
410 1180 454 1215 et
488 1171 572 1216 Od.
615 1170 672 1213 A.
716 1173 818 1215 633.
877 1164 1005 1214 Δεινοὶ
1028 1164 1261 1229 Γοργόνων,
1285 1185 1489 1214 sororum
1513 1170 1730 1222 Medusae,

236 1239 400 1306 κάρηνα
442 1255 752 1290 memorantur
796 1245 914 1289 infra
962 1262 1004 1290 v.
1052 1246 1154 1290 236.
1229 1248 1439 1292 Attamen
1484 1246 1733 1291 suaviorem

237 1322 364 1367 nobis
390 1322 594 1366 Medusae
621 1321 852 1364 notionem
874 1321 1068 1379 suggerit
1095 1329 1365 1365 memoratus
1385 1323 1478 1365 eius
1495 1322 1733 1366 Th.v.278

237 1413 321 1456 seq.
355 1413 458 1440 cum
474 1397 681 1455 Neptuno
704 1396 964 1439 concubitus
981 1388 1024 1439 ἓν
1051 1391 1243 1455 μαλακῷ
1266 1390 1442 1455 λειμῶνι
1466 1393 1543 1440 καὶ
1567 1388 1736 1441 ἄνθεα-ιν

238 1466 466 1531 εἶαρινοΐσι.
529 1471 763 1529 Quomodo
807 1471 1042 1515 conciliata
1079 1472 1186 1515 haec
1226 1471 1423 1528 fuerint,
1470 1487 1528 1515 ex
1571 1471 1736 1516 Ovidio

238 1549 374 1591 discas
412 1548 518 1592 Met.
559 1547 635 1593 IV.
681 1549 763 1590 797
802 1563 939 1606 seqq.,
993 1547 1073 1590 ubi
1104 1563 1204 1591 suos
1238 1549 1357 1592 haud
1393 1548 1527 1591 dubie
1565 1557 1737 1592 secutus

239 1633 303 1668 est
332 1632 542 1668 auctores.
592 1623 737 1668 Conf.
769 1639 880 1682 quae
909 1624 1166 1667 notavimus
1196 1625 1250 1668 ad
1282 1625 1446 1684 Theog.
1478 1625 1512 1668 l.
1530 1640 1582 1669 ·c.

298 1792 342 1820 v.
374 1775 460 1818 224
496 1775 627 1826 citat,
667 1781 720 1817 ut
754 1773 930 1817 Hesiodi
967 1765 1009 1817 ἓν
1036 1766 1232 1826 Ἀσπίδι,
1276 1776 1429 1834 Etym.
1458 1776 1518 1820 M.
1549 1789 1596 1834 p.
1625 1776 1734 1828 512,

243 1853 344 1895 513.
398 1843 570 1907 Κίβισις
600 1849 866 1894 vocabulum
899 1848 1173 1908 Cypriorum
1203 1849 1333 1894 fuisse
1367 1859 1520 1895 auctor
1553 1858 1617 1896 est
1645 1850 1735 1894 He-

241 1927 364 1986 sych.
391 1927 440 1970 in
472 1942 514 1972 v.
577 1926 660 1971 Sed
687 1926 839 1970 eodem
863 1936 1038 1973 auctore
1068 1919 1219 1983 κὶββα
1247 1942 1350 1985 pera
1375 1926 1493 1970 dicta
1515 1934 1580 1970 est
1604 1926 1734 1971 Aeto-

241 2004 313 2047 lis.
358 2003 499 2047 Habet
523 2017 698 2062 quoque
726 1994 959 2057 κυβησίοον·
980 1992 1132 2059 πήραν,
1151 2016 1344 2060 quorum
1365 2002 1571 2046 omnium
1586 2000 1732 2060 stirps,

243 2087 294 2120 ut
328 2078 529 2129 videtur,
561 2076 806 2135 quaerenda
842 2075 889 2118 in
931 2070 1045 2131 κὶω,
1079 2074 1188 2124 κύω,
1230 2085 1396 2136 turgeo,
1441 2093 1580 2138 capax
1614 2093 1733 2132 sum,

245 2154 360 2197 unde
387 2153 522 2197 etiam
555 2145 766 2209 κιβωτός,
798 2152 924 2210 (item
954 2167 1036 2210 pro
1064 2167 1177 2198 arca.
1226 2151 1355 2196 Conf.
1388 2153 1542 2198 Isidor.
1559 2152 1737 2213 Origin.

243 2229 340 2273 XX.
370 2230 417 2286 9)
449 2221 590 2285 κυβῆ,
621 2220 771 2284 κύβος.

304 2396 347 2425 v.
369 2382 471 2425 225.
516 2371 685 2423 θύσανοι
718 2371 765 2423 δὲ
794 2392 894 2424 κατ’.
924 2372 1116 2439 masarei]
1177 2380 1306 2432 Pera,
1340 2395 1363 2423 e
1392 2380 1508 2438 pelle
1530 2381 1739 2425 animalis

245 2455 381 2509 facts,
423 2456 714 2515 dependentes
746 2455 904 2499 habuit
953 2447 1186 2510 θυσάνους,
1223 2455 1437 2513 fimbrias.
1515 2455 1739 2500 Similiter

246 2533 362 2590 segis
405 2532 522 2575 Iovis
562 2531 678 2590 apud
715 2530 846 2574 Hom.
879 2530 933 2575 11.
969 2531 1015 2574 B.
1054 2531 1158 2586 448,
1196 2530 1421 2575 Minervae
1453 2531 1508 2575 11.
1544 2531 1595 2577 E.
1632 2532 1733 2575 788.

249 2607 378 2653 cons.
409 2616 452 2652 et
478 2608 636 2652 Herod.
666 2607 742 2653 IV.
775 2609 881 2660 189,
913 2607 1121 2667 Apollon.
1150 2607 1239 2653 Rh.
1271 2607 1346 2652 IV.
1379 2608 1506 2651 1146.

307 2683 597 2741 κατῃωρεῦντο
629 2699 719 2727 ηοη
745 2691 887 2728 exstat
918 2683 1036 2727 inter
1057 2682 1238 2727 Homeri
1263 2682 1486 2728 vocabula.
