1748 3224
567 230 607 260 ιιι
641 229 804 260 unstom
830 229 1011 261 scvrvu.
1469 214 1529 262 61

42 342 222 400 pliciter
260 341 443 383 iaculum
482 341 711 386 vocabant.
770 342 872 387 Vid.
918 341 1100 385 Plautus
1136 339 1262 386 Asin.
1295 341 1332 385 1.
1378 356 1409 387 1.
1450 345 1530 396 86,

41 418 176 464 Ovid.
205 415 351 459 A..A.
379 415 414 460 Ι.
449 418 549 461 763.

67 505 70 513 “
99 492 306 537 Ceterum
347 492 396 535 in
429 491 576 535 schol.
613 492 748 535 Paris.
779 480 850 538 C.⁸
871 492 979 535 haec
1014 492 1246 550 leguntur:
1291 486 1532 551 νεοτεριιιῶς

37 566 134 626 (sic)
164 558 216 612 τὸ
243 559 466 626 γινώσκειν
487 561 561 618 τὸν
579 565 656 608 τοῦ
673 559 1028 625 ἀμφιβλήστρου
1042 562 1217 626 χρῆσιν·
1238 559 1324 613 ὁδὶ
1341 562 1531 628 Ὅμηρος

36 635 461 702 ἀγκιστρευομενους
489 634 648 688 αὐτοὺς
678 632 781 685 οἶδε’

227 712 366 775 πέτρη
402 711 474 760 ἔπι
507 710 728 774 προβλῆτι
763 710 996 774 καθήμενος
1025 712 1128 775 ἱερὸν
1156 709 1290 777 ἰχθὺν

224 785 276 837 ἐκ
307 786 480 836 πόντοιο
517 783 670 850 θύραζε
697 787 796 854 λίνῳ
827 788 911 836 καὶ·
936 787 1061 847 ἤνοπι
1087 786 1255 852 χαλκῷ

34 884 92 913 sc.
124 860 262 912 ἕλκεν.
325 864 488 912 Eadem
534 868 666 912 habet
710 870 903 921 Tzetzes,
950 870 1067 928 apud
1112 869 1340 914 Rankium
1393 869 1526 913 etiam

34 957 137 986 cum
169 943 380 987 citatione
406 944 518 995 loci,
556 945 635 1002 qui
665 953 729 988 est
761 945 815 988 Il.
847 945 905 990 Π.
947 946 1031 988 407
1062 959 1148 1002 seq.
1209 944 1338 1002 Quod
1379 951 1527 988 autem

35 1018 252 1063 Homerus
283 1010 634 1077 ἀμφίβληστρον
663 1036 753 1063 non
787 1027 1028 1071 memorat,
1075 1020 1178 1064 hinc
1208 1036 1300 1064 non
1330 1019 1528 1076 sequitur

33 1095 126 1138 eius
149 1102 292 1138 aetate
315 1095 521 1153 ignotum
548 1095 680 1140 fuisse
706 1097 841 1139 huius
867 1096 975 1139 retis
1003 1110 1150 1141 nsum.

92 1259 163 1288 vv.
201 1245 448 1290 216—236.
509 1246 630 1290 Nova
678 1246 846 1303 imago:
894 1247 1092 1298 Perseus,
1127 1261 1231 1289 cum
1270 1247 1527 1291 continente

30 1319 234 1364 Medusae
263 1330 397 1379 caput
428 1336 532 1379 pera
557 1322 606 1364 in
635 1322 764 1364 dorso
794 1323 995 1374 avolans,
1024 1330 1068 1365 et
1096 1332 1397 1380 persequentes
1422 1337 1524 1367 eum

29 1394 273 1453 Gorgones,
307 1405 622 1454 argumentum
650 1411 754 1440 sane
785 1397 1059 1454 primarium
1091 1398 1141 1440 in
1171 1399 1330 1456 clypeo
1359 1397 1524 1441 Hercu-

29 1472 106 1524 lis,
134 1486 270 1530 genus
301 1487 324 1514 a
350 1472 502 1515 Perseo
527 1473 742 1515 ducentis.
804 1471 875 1515 Sic
900 1474 1015 1530 apud
1037 1473 1249 1531 Apollon.
1272 1474 1360 1518 Rh.
1380 1474 1414 1518 Ι.
1439 1475 1523 1517 763

31 1548 194 1591 Iasonis
221 1549 371 1592 laeuae
401 1549 516 1591 inest
544 1548 739 1591 Phrixus
773 1563 878 1591 oum
905 1549 1044 1592 ariete
1072 1549 1294 1600 intextus,
1330 1549 1440 1592 item
1467 1550 1526 1593 ob

28 1623 200 1681 generis
227 1623 562 1681 cognationem3
603 1623 652 1666 in
678 1624 838 1682 clypeo
863 1623 1032 1668 Aeneae
1062 1625 1180 1682 apud
1210 1624 1373 1683 Virgil.
1411 1625 1521 1670 Aen.

27 1698 152 1744 VIII.
201 1700 287 1744 628
325 1715 440 1757 seqq.
482 1715 617 1757 genus
658 1715 778 1742 omne
809 1700 993 1758 futurae
1032 1705 1179 1757 stirpis
1216 1700 1269 1742 ab
1312 1702 1522 1754 Ascanio,

28 1775 248 1818 Romulus
271 1782 315 1817 et
340 1775 505 1817 Remus
520 1806 531 1825 ‚
565 1774 762 1832 aliaeque
787 1789 856 1817 res
882 1775 1120 1818 Romanae.
1188 1774 1318 1819 conf.
1339 1776 1524 1820 omnino

28 1849 182 1893 Heinr.
219 1850 273 1892 ad
310 1850 358 1894 h.
395 1851 427 1893 1.
488 1850 579 1908 Ipsi
617 1852 772 1908 poetae
804 1850 1076 1908 primarium
1116 1850 1161 1894 id
1209 1860 1523 1908 argumentum

27 1925 248 1977 habitum,
266 1926 415 1984 arguit
439 1941 546 1968 cura
571 1925 626 1968 ab
651 1941 700 1968 eo
726 1926 774 1969 in
791 1926 1087 1969 describendis
1109 1927 1298 1984 singulis
1317 1927 1526 1987 imaginis
1566 1949 1570 1953 ¹

22 2001 251 2060 partibus,
281 2002 554 2045 admirandis
578 2000 668 2044 fere
691 2002 808 2053 illis,
841 2002 1104 2060 diligentior
1130 2001 1344 2046 adhibita.

86 2169 129 2198 v.
153 2154 254 2199 216.
294 2148 466 2197 ἱππόται
482 2148 689 2213 Περσεύς]
724 2157 802 2200 Est
831 2147 1003 2197 ἱππότα
1030 2170 1266 2206 commune
1288 2155 1518 2214 epitheton

21 2229 236 2282 heroum,
254 2245 389 2272 curru
408 2230 514 2274 vehi
529 2231 787 2283 solitorum,
818 2238 869 2272 ut
887 2232 1042 2288 poetae
1057 2230 1332 2274 obtrudenda
1353 2244 1450 2274 non·
1463 2231 1520 2274 sit

22 2305 128 2362 equi
149 2305 323 2364 Pegasi,
366 2321 454 2363 quo
497 2314 670 2349 vectum
710 2307 914 2349 Perseum
948 2306 1028 2348 alii
1055 2306 1355 2359 tradiderunt,
1381 2307 1519 2350 notio.

18 2379 156 2424 Certe
183 2378 237 2424 ab'
263 2381 450 2425 Hesiodo
474 2381 560 2424 Th.
594 2382 680 2425 284
706 2396 822 2439 seqq.
853 2381 902 2423 in
928 2381 1103 2423 coelum
1125 2382 1315 2425 avolasse
1342 2381 1523 2438 Pegasus

24 2456 237 2509 traditur,
272 2457 374 2514 qui,
414 2472 516 2499 cum
553 2472 663 2514 opus
694 2465 824 2509 esset,
867 2456 932 2499 ibi
967 2455 1121 2514 fulgur
1153 2463 1198 2498 et
1226 2456 1398 2498 tonitru
1425 2455 1521 2499 Iovi

25 2530 212 2576 afferret.
273 2531 549 2589 Ineptissime
591 2540 738 2576 autem
782 2534 954 2575 Tzetzes
984 2533 1035 2575 ad
1075 2532 1122 2574 h.
1150 2533 1207 2576 l.:
1253 2524 1364 2573 ἔοικε
1401 2524 1522 2574 κατὰ

0 2599 128 2651 ·-τοὸς
157 2598 550 2664 ’γλωσσογράφους
575 2601 762 2660 ἱππότην
785 2603 954 2651 ἀκούειν
982 2602 1055 2649 τὸν
1079 2597 1295 2665 φυγάδα,
1317 2606 1518 2650 exsulem.

22 2681 173 2725 Fuisse
212 2682 326 2725 hanc
365 2683 708 2741 explicationem
751 2680 832 2726 τῶν
855 2678 1054 2740 νεωτέρων
1090 2683 1215 2726 docet
1245 2681 1435 2739 Hesych.
1469 2681 1518 2723 in

21 2770 69 2799 -v.
101 2750 313 2811 ἱππότης,
341 2773 473 2814 quem
507 2759 605 2803 vide
635 2760 770 2803 etiam
802 2760 850 2802 in
881 2751 1044 2804 ἱππεὺς
1074 2765 1118 2800 et
1147 2749 1412 2810 Ιππῆλατος.
