1748 3224
566 270 603 298 m
641 267 808 298 ansioni
839 265 1014 298 seva-vn.
1470 246 1535 294 95

33 382 259 443 aptiaeime
294 382 425 424 terties
463 383 577 440 apud
619 380 866 424 Homerum
905 372 1057 422 iuncta
1095 384 1336 422 occurrant
1367 369 1536 433 ἄμοτον

32 449 235 514 μεμαώς,
265 452 477 514 μεμαυῖα.

92 534 160 577 Ad
191 524 356 593 μάχης
382 526 602 588 μενεαίνων
619 531 802 574 offendit
815 523 1037 583 wolfius,
1053 543 1265 588 quaerens
1288 527 1394 571 »ubi
1411 528 1535 571 sic‘P'

34 604 147 652 sane
179 604 300 651 haud
337 599 468 650 {boile
494 606 837 649 constructionis
869 606 1006 648 huius
1032 605 1293 662 exemplum
1324 603 1435 647 alibi
1465 617 1536 646 re-

33 684 190 743 perias.
255 682 371 727 Cum
399 689 548 724 tamen
577 675 798 736 μενεαίνων
826 680 946 724 idem
975 680 1031 723 sit
1067 695 1114 723 ac
1145 669 1384 738 προθυμίαν
1403 672 1540 739 ἔχων,

33 767 84 802 ut
118 753 347 817 explicant
381 748 559 800 Scholia
590 748 803 814 paraphr.
849 756 895 798 h.
928 756 982 807 1.,
1009 755 1127 797 mihi
1159 753 1270 798 ferri
1299 769 1423 814 posse
1453 755 1536 798 illa

31 835 304 878 constructio
332 833 524 879 videtur.
591 829 798 876 Conseri-i
839 844 1014 888 quoque
1053 829 1238 873 fortasse
1270 830 1408 889 possit
1446 822 1540 888 ὀρέ-

32 903 192 968 γεσθαί
221 921 346 954 τινος.

94 1074 170 1104 vv»
196 1060 282 1104 362
305 1073 419 1116 seqq.
481 1057 650 1115 Quater
677 1058 848 1100 basiam
878 1057 926 1099 in
959 1056 1152 1099 Martem
1181 1055 1399 1098 iaculatus
1429 1055 1538 1099 Her-

33 1136 180 1187 cules,
216 1143 286 1178 tei·
325 1134 506 1191 quidem
542 1150 633 1176 non
671 1132 759 1176 nisi
791 1133 1005 1190 clypeum
1031 1131 1125 1174 eius
1151 1129 1281 1182 ferit,
1319 1130 1391 1174 sed
1416 1138 1538 1173 tanta

34 1212 81 1254 vi
118 1209 255 1263 ictfis,
295 1218 348 1253 ut
386 1219 564 1253 casurus
600 1210 717 1252 Mars
751 1208 925 1260 fuisset,
971 1208 1058 1250 nisi
1086 1208 1271 1250 demissa
1298 1207 1348 1250 in
1373 1214 1538 1250 terram

0 1295 3 1303 '
35 1301 172 1330 manu
199 1302 243 1330 se
269 1285 566 1339 sustinuisset3
606 1291 817 1341 quartum
848 1291 997 1326 autem
1022 1282 1178 1326 Martis
1204 1282 1354 1325 femur
1381 1284 1541 1327 vulne-

35 1370 128 1413 rat,
155 1377 240 1418 qua
266 1368 392 1419 parte
418 1375 508 1402 non
539 1357 768 1402 defensum
795 1366 890 1400 erat
911 1359 1071 1416 clypeo
1101 1372 1274 1416 corpus.

96 1436 307 1481 Ceterum
341 1437 595 1478 vulneratos
631 1435 680 1477 in
710 1433 794 1476 hac
821 1449 967 1492 pugna
998 1434 1055 1476 ad
1080 1434 1246 1491 Pylum
1273 1433 1327 1475 ab
1353 1432 1542 1475 Hercule

36 1521 213 1572 praeter
234 1512 426 1555 Martem
451 1510 589 1552 etiam
620 1509 837 1552 Iunonem
859 1516 902 1551 et
915 1507 1085 1551 Orcum
1103 1508 1310 1566 perhibet
1325 1505 1543 1550 Homerus

38 1590 92 1634 Il.
112 1590 162 1632 E.
183 1589 268 1632 392
284 1601 416 1644 seqq„
437 1594 487 1628 ut
510 1586 565 1628 de
585 1584 700 1628 Orco
720 1584 785 1627 ibi
803 1585 1039 1627 vulnerato
1065 1584 1235 1626 mentio
1259 1598 1434 1641 quoque
1451 1581 1543 1626 fuit

37 1666 87 1707 in
122 1663 306 1707 tributis
333 1661 521 1705 Hesiodo
552 1653 845 1719 Καταλόγοις.
884 1659 990 1713 Ἧά.
1019 1658 1169 1704 Schol.
1201 1660 1253 1703 ad
1284 1660 1338 1703 11.
1366 1659 1414 1703 B.
1441 1659 1541 1702 366.

99 1831 142 1860 v.
166 1812 266 1860 363.
308 1807 546 1870 οὐταμένου
573 1804 751 1869 σάκεος]
817 1810 889 1855 Sic
909 1811 964 1855 Il.
990 1811 1046 1853 H.
1063 1812 1164 1863 258,
1189 1810 1241 1855 N.
1260 1811 1360 1864 646,
1384 1810 1438 1854 Ο.
1460 1811 1545 1854 528

41 1886 182 1936 σάκος
216 1886 381 1933 οὔτασε
412 1881 540 1947 δουρί.
601 1888 775 1931 Latinis
798 1902 976 1945 quoque
1002 1902 1093 1930 non
1121 1885 1377 1944 infrequens
1404 1887 1546 1929 vulne-

43 1984 140 2011 rare
170 1981 253 2025 pro
279 1965 520 2025 perforare.
580 1964 696 2009 Vide
720 1962 935 2006 d'Orvill.
959 1963 1007 2005 in
1034 1962 1194 2006 Vanno
1222 1961 1297 2006 Cr.
1319 1978 1364 2021 p.
1389 1963 1492 2005 309.

105 2121 271 2165 v.365.
313 2111 480 2176 ’ἔγχεος
514 2109 648 2175 ὁρμῇ]
720 2116 883 2174 [mpetu
927 2115 977 2157 in
1014 2114 1151 2157 illum
1194 2114 1354 2158 hastae.
1420 2113 1549 2158 Conf.

45 2196 166 2240 infra
198 2210 242 2239 v.
280 2195 380 2238 456.
453 2191 526 2236 Sic
565 2182 608 2238 ἒς
649 2185 775 2249 ὁρμὴν
807 2186 976 2250 ἔγχεος
1009 2180 1143 2233 ἐλθεῖν
1185 2189 1354 2232 dicitur
1389 2190 1552 2248 aliquis
1627 2191 1630 2195 '

47 2272 160 2330 apud
187 2270 319 2313 Hom.
352 2269 408 2312 11.
440 2269 491 2312 E.
523 2269 620 2311 118.
682 2266 815 2311 Conf.
845 2266 993 2325 Heyn.
1025 2266 1079 2309 ad
1107 2266 1161 2310 ΙΙ.
1192 2266 1252 2309 Π.
1284 2267 1387 2309 315.

111 2435 153 2466 v.
191 2422 276 2465 366
307 2433 394 2478 seq.
442 2411 538 2463 ἔνθα
567 2431 616 2461 κε
645 2411 700 2472 δὴ
728 2411 930 2475 λωβητὸς
960 2428 1001 2459 κ.
1032 2428 1075 2460 τ.
1108 2409 1181 2475 λ.]
1243 2415 1313 2458 Ad
1340 2416 1550 2460 verbum:

51 2500 109 2541 ibi
125 2499 279 2558 sactus
299 2497 461 2556 ficisset
490 2494 775 2554 vituperabilis
806 2500 918 2535 inter
946 2492 1202 2535 immortales
1229 2492 1366 2543 Deos,
1399 2491 1555 2534 relictis

54 2580 164 2616 inter
206 2587 356 2616 manus
399 2585 516 2614 meas
559 2576 691 2613 armis
735 2569 1087 2628 sanguinolentis.
1166 2559 1263 2611 ἔνθα
1299 2579 1348 2609 κε
1385 2558 1556 2627 ἐτύχθη

53 2663 138 2707 pro
167 2639 340 2707 ἐτύχθη
370 2640 424 2691 ἄν
455 2645 591 2705 (conf.
622 2645 756 2689 Hom.
788 2645 843 2688 11.
867 2646 914 2688 B.
946 2642 1062 2702 155).
1119 2642 1227 2696 Sed,
1259 2652 1356 2685 tum
1383 2657 1557 2701 quoque

56 2739 111 2767 ne
140 2723 410 2782 spoliaretur
439 2722 576 2774 Mars,
620 2722 731 2766 item
777 2721 997 2764 obstitisse
1042 2720 1242 2771 videtur,
1287 2719 1405 2778 quod
1437 2718 1555 2762 illud

56 2793 257 2856 οἰῖσιμον,
289 2795 383 2843 fato
412 2813 684 2850 concessum,
718 2797 899 2841 Herculi
931 2812 1021 2840 non
1054 2804 1163 2840 erat.
