1748 3224
569 230 610 260 IN
639 228 804 261 imsmm
831 228 1008 260 seva-vn.
1486 212 1543 259 11

45 360 181 390 unam
207 345 429 404 syllabam
452 353 568 388 recte
592 346 683 388 iam
709 345 1028 388 animadvertit
1050 343 1381 391 Wintertonus.
1414 341 1547 386 Simi-

1 459 3 478 ,
44 421 103 465 lis
137 420 268 463 orasis
309 421 605 472 admittenda,
652 428 699 462 ut
732 428 869 478 puto,
903 419 1020 462 infra
1058 436 1100 463 v.
1135 419 1222 463 294
1251 418 1300 460 in
1327 409 1547 475 βότρυας,

44 510 88 540 v.
124 497 207 538 351
242 495 291 539 in
325 488 481 552 ὅίξυος.
543 495 676 540 Conf.
702 494 960 553 Spitznerus
981 497 1035 538 de
1061 510 1187 538 versu
1208 493 1385 536 heroico
1405 507 1448 551 p.
1473 495 1544 544 95,

0 582 1 588 ¹
42 585 176 629 quem
207 585 252 628 p.
295 572 376 615 187
415 570 524 615 ibid.
568 586 659 613 non
688 569 829 628 fugit,
870 569 1109 612 Hesiodum
1147 570 1196 612 in
1224 585 1308 612 usu
1337 568 1549 628 synizesis

42 645 236 690 Homero
264 645 522 689 liberiorem
547 660 647 691 esse.

102 810 145 839 v.
179 795 220 839 4.
266 785 462 837 ἐκαίνυτο
495 794 680 838 verbum
705 802 770 838 est
791 794 838 837 in
866 795 1048 838 Homeri
1072 795 1208 838 Iliade
1229 810 1319 836 non
1339 778 1548 846 obvinm3

44 869 116 912 sed
144 869 192 911 in
222 867 307 912 Od.
338 862 508 913 I'.'282
537 870 727 927 legimus
759 863 803 915 ὃς
835 861 1031 912 ἓκαίνυτο
1060 866 1170 926 φῦλ’
1202 861 1424 926 ἀνθρώπων
1447 864 1549 920 Νῆα

45 937 324 1002 κυβερνῆσαι,
355 953 399 988 et
429 952 492 987 est
519 946 814 1003 compositum
844 945 979 987 huius
997 944 1078 988 Od.
1114 944 1172 987 Θ.
1199 947 1280 988 127
1315 941 1370 1002 τῇ
1387 935 1547 988 δἀὖτ’

45 1017 262 1077 Εὐρύαλος
289 1012 554 1064 ἀπεκαίνυτο
578 1012 751 1068 πάντας
773 1006 992 1078 ἃρίστους,
1023 1029 1067 1063 et
1094 1036 1137 1064 v.
1163 1021 1248 1064 219
1280 1010 1384 1067 Οῗος
1414 1012 1464 1072 δή
1490 1031 1549 1077 με

42 1087 309 1148 Φιλοκτήτης
343 1087 610 1138 ἀπεκαίνυτο
651 1090 791 1155 τόξῳ,
833 1096 976 1139 simili
1016 1096 1179 1152 ubique
1204 1097 1546 1139 constructione.

0 1180 3 1189 '¹
44 1170 419 1228 Praepositionem
451 1171 574 1214 addit
607 1172 820 1230 Apollon.
860 1172 949 1216 Rh.
981 1173 1017 1214 I.
1059 1174 1141 1215 138
1175 1166 1218 1218 ὃς
1248 1166 1345 1229 περ)
1375 1163 1549 1217 πάντας

43 1237 242 1290 ἐκαίνυτο
274 1241 554 1304 ναυτιλίῃσιν.
627 1245 772 1304 Super
813 1254 965 1304 etymo
1006 1247 1156 1290 Schol.
1196 1248 1245 1291 B.
1285 1247 1339 1289 ad
1381 1245 1466 1290 Od.
1501 1246 1547 1289 I':

43 1316 96 1367 τὸ
136 1313 183 1366 δὲ
219 1312 444 1376 ἐκαίνυτο,
480 1314 610 1365 ἐνίκα·
651 1318 798 1379 κυρίως
829 1314 875 1365 δὲ
906 1314 998 1365 ἀπὸ
1031 1323 1107 1364 τοῦ
1142 1318 1368 1376 καίνειν,
1398 1315 1421 1366 ὅ
1451 1313 1547 1364 ἐστι

43 1392 232 1442 κόπτειν.
261 1393 354 1445 orde
383 1391 475 1457 γὰρ
507 1393 654 1440 καίνων
685 1391 778 1451 ἤτοι
818 1390 1062 1455 τιτρώσκων
1097 1393 1170 1443 τὸν
1203 1389 1389 1441 ἐναντίον
1421 1390 1546 1453 νικᾷ,

43 1465 135 1518 ὅθεν
177 1467 254 1516 καὶ
290 1468 449 1517 καίνω
493 1467 615 1531 ῥῆμα
656 1469 732 1516 καὶ
775 1469 1017 1529 καίνυμι.
1081 1472 1313 1518 Consentit
1343 1475 1547 1518 Eustath.

44 1550 97 1595 ad
138 1549 192 1594 11.
228 1564 274 1608 p.
307 1551 419 1603 741,
459 1553 534 1602 11,
575 1551 628 1594 ad
659 1549 744 1594 Od.
772 1565 815 1608 p.
849 1551 975 1600 1468,
1020 1552 1060 1592 1.
1125 1548 1254 1594 Conf.
1291 1551 1446 1609 Etym.
1482 1550 1545 1594 M.

42 1640 88 1684 p.
124 1625 236 1677 126;
269 1624 460 1683 Hesych.
494 1627 544 1670 in
574 1641 648 1670 vv.
695 1617 987 1680 ἀπεκαίνυτο,
1029 1617 1255 1679 ἐκαίνυτο,
1295 1616 1549 1681 καίνυσθαι,

43 1698 251 1754 καινῦτω,
285 1700 514 1745 Helladius
534 1701 785 1746 Chrestom.
809 1716 855 1760 p.
882 1704 923 1745 7.
947 1703 1014 1747 ed.
1037 1701 1199 1746 Meurs.
1242 1701 1358 1744 Hinc
1381 1717 1548 1746 nomen.

44 1777 133 1821 viri
170 1771 344 1825 Καινεὺς
373 1776 493 1821 infra
525 1794 566 1823 v.
605 1779 704 1822 179.

103 1945 147 1973 v.
177 1933 217 1974 5.
250 1920 426 1988 μεγέθει
443 1922 518 1989 τε]
553 1929 776 1973 Grandior
798 1937 966 1972 statura
993 1944 1042 1972 eo
1065 1937 1266 1987 tempore
1291 1929 1426 1971 etiam
1443 1943 1544 1971 mu—

41 2006 199 2050 lierem
226 2006 426 2049 maxime
452 2006 765 2048 commendare
789 2005 1058 2049 censebatur.
1113 1993 1244 2049 Ctmf.
1269 2003 1352 2049 Od.
1375 2005 1421 2049 Z.
1445 2006 1542 2056 107,

42 2081 98 2127 Ο.
129 2083 230 2125 417.

109 2151 213 2216 νόον]
247 2157 415 2204 Wolfii
443 2156 492 2200 in
521 2156 902 2199 animadversione
927 2164 1123 2198 mentem
1150 2155 1185 2198 si
1215 2171 1428 2214 assequor,
1451 2171 1544 2198 non

41 2234 220 2278 videtur
247 2231 288 2277 ei
314 2233 377 2276 sic
397 2232 668 2290 simpliciter
693 2232 797 2274 satis
824 2231 983 2274 usitate
1005 2232 1176 2274 dictum
1193 2247 1277 2290 pro
1291 2232 1543 2290 prudentia.

42 2309 123 2354 Sed
152 2323 302 2352 nonne
335 2302 480 2352 simili
521 2323 701 2366 prorsus
741 2307 914 2350 ratione
957 2307 1264 2365 accipiendum
1304 2309 1421 2366 apud
1456 2309 1543 2351 Ho-

40 2400 217 2428 merum
249 2385 303 2429 11.
333 2383 388 2429 O.
420 2385 506 2427 643
539 2378 613 2427 καὶ
638 2377 726 2426 νόον
752 2374 794 2426 ἓν
810 2375 1019 2441 πρώτοισι
1035 2376 1283 2435 Μυκηναίων
1297 2374 1539 2428 ἓτέτυκτοῗ

101 2551 175 2580 vv.
203 2537 244 2588 6,
281 2537 323 2581 7.
361 2535 490 2593 Quod
519 2535 692 2578 censuit
721 2534 942 2587 Wolfius,
974 2535 1171 2592 poetam,
1202 2549 1306 2576 cum
1332 2534 1424 2576 iam
1455 2526 1550 2577 νόου

42 2611 292 2654 subiecisset
333 2603 463 2666 ε’ίδει,
508 2611 675 2654 horum
715 2627 926 2655 versuum
966 2626 1114 2670 panno
1149 2611 1424 2668 supersedere
1462 2609 1543 2652 de-

43 2686 207 2739 buisse,
235 2686 286 2730 in
314 2702 364 2730 eo
393 2702 484 2731 non
513 2688 619 2730 adeo
643 2687 975 2730 dissentientem
1006 2701 1079 2730 me
1108 2685 1261 2737 habet,
1294 2685 1391 2736 sed,
1423 2687 1541 2742 quod

44 2762 202 2807 deinde
242 2763 456 2821 opinatur
488 2764 625 2815 idem,
662 2778 864 2822 pannum
899 2778 984 2807 esse
1019 2771 1213 2806 assutum
1248 2763 1302 2806 ab
1328 2763 1419 2806 alio
1448 2778 1539 2805 non
