1748 3224
547 238 587 267 ιιι
619 237 783 268 iussioni
811 236 987 268 scv'rvn.
1445 219 1512 266 69

22 379 23 382 =
74 354 267 405 Est,:x=ut
305 351 354 395 in
386 365 511 394 erca·
532 350 737 409 Cypseli,
783 347 877 409 Κῆρ.
910 350 1129 408 singulari
1158 363 1346 392 numero
1378 364 1509 407 supra

14 443 59 471 v.
92 428 204 480 156,
237 426 324 469 Th.
362 428 471 478 211,
504 427 619 484 apud
649 426 780 469 Hom.
808 428 863 472 Il.
893 428 944 470 Σ.
977 430 1089 478 535,
1120 425 1176 468 X.
1209 426 1280 469 79.
1339 424 1510 469 plurali

15 510 164 545 autem
197 517 405 553 numero,
449 509 499 544 ut
534 503 626 553 hic,
661 498 788 559 Κῆρες
833 509 1142 546 memorantur
1180 501 1267 545 Th.
1298 501 1406 553 217,
1436 501 1509 544 sed

13 585 212 636 suspecto
239 579 358 630 loco,
391 578 600 634 Apollon.
634 578 723 621 Rh.
757 578 834 622 IV.
865 579 976 622 1665
1003 592 1144 634 seqq.;
1177 576 1379 634 quodque
1408 584 1512 620 sunt

13 653 275 711 praesertim
302 654 352 696 in
381 652 500 695 bello
526 651 707 695 infinita
738 653 857 696 necis
887 667 1067 711 genera,
1101 647 1248 709 μυρίαι
1278 668 1365 696 esse
1385 647 1513 710 Κῆρες

13 727 228 771 dicuntur
258 728 376 786 apud
407 727 539 772 Hom.
571 727 626 772 11.
654 728 715 772 M.
737 729 824 771 326
853 737 899 772 et
928 727 1149 772 Simonid.
1176 727 1235 770 fr.
1250 728 1417 773 XVIII.
1441 729 1512 774 20.

17 828 20 834 ·
77 796 260 850 λευκοὺς
293 794 541 860 ἀραβεῦσαι
574 794 766 860 ὀδόντας]
818 803 992 848 Similis
1014 805 1286 848 constructio
1309 812 1373 847 est
1396 805 1512 863 apud

14 879 226 936 Apollon.
258 878 349 921 Rh.
376 876 432 920 11.
461 879 564 922 281.
624 879 731 922 Fuit
756 888 904 923 autem
929 887 1047 922 certe
1072 880 1154 923 ille
1182 881 1377 938 crepitus
1407 881 1513 924 den-

13 955 155 1008 tium,
186 955 224 998 si
256 955 402 998 audiri
427 955 600 1013 potuit,
633 955 752 998 inter
781 956 933 1013 clypei
952 946 1199 1011 ,θαύματας
1229 955 1300 998 sed
1332 954 1515 999 fortasse

13 1030 268 1082 dicendum,
291 1032 484 1088 poetam,
506 1030 679 1088 ingenii
705 1029 881 1073 fervore
905 1030 1156 1088 abreptum,
1179 1031 1412 1074 adrevera
1434 1047 1514 1074 ex-

15 1105 160 1148 hibita
188 1106 239 1148 in
267 1107 427 1164 clypeo
457 1105 628 1162 aliquid
654 1106 709 1148 de
737 1121 815 1148 suo
848 1106 1088 1156 addidisse,
1123 1106 1340 1162 siquidem
1374 1121 1516 1164 neque

14 1180 330 1238 omnim-quae
363 1196 406 1224 v.
435 1183 520 1224 251
559 1196 675 1239 seqq.
713 1181 918 1240 deinceps
949 1189 1219 1239 perpetrasse
1248 1177 1387 1239 Κῆρεςῗ
1411 1197 1514 1224 nar-

14 1263 202 1312 rantur,
219 1256 371 1299 simul
402 1256 453 1300 in
483 1257 645 1315 clypeo
674 1257 862 1314 spectari
889 1264 1152 1314 potuerunt.
1215 1256 1348 1301 Conf.
1381 1273 1516 1317 supra

15 1338 167 1375 notata
183 1331 251 1375 ‘ad
283 1347 327 1374 v.
361 1327 460 1376 148.
1297 1335 1299 1337 “

22 1499 121 1528 .-·v.
141 1484 244 1528 2⁵0.
284 1474 502 1539 δεινωπαὶ]
564 1482 721 1526 Suidas
753 1491 800 1526 et
829 1483 1097 1542 Hesychius:
1131 1474 1338 1527 δεινωποὶ·
1362 1476 1518 1540 δειμα-

16 1551 201 1612 voden,
217 1549 434 1616 φοβεροί.
493 1558 613 1602 Num
649 1558 932 1616 respicientes
971 1559 1094 1602 hunc
1129 1560 1314 1603 locum?
1363 1559 1513 1612 Certe,

16 1643 69 1678 ut
94 1634 269 1677 iamet·
284 1633 485 1677 Rankius
510 1634 709 1685 notavit,
737 1648 886 1692 neque·
904 1633 1013 1677 alibi
1038 1634 1087 1677 in
1113 1634 1355 1688 Hesiodeis,
1378 1650 1520 1693 neque

17 1709 355 1768 usquam-apud
397 1709 643 1752 Homerum
685 1718 830 1752 exstat
871 1701 1109 1756 δεινιιιισιτῖς.4
1155 1710 1337 1754 Dicitur·
1368 1719 1516 1755 autem

16 1793 72 1829 ut
101 1779 390 1841 mmmm-693,
410 1785 482 1828 sed
512 1800 538 1827 a
569 1776 732 1838 δεινῶψ
762 1785 979 1828 dicuntur
996 1786 1158 1830 Furiae
1177 1778 1373 1833 δεινῶπες
1400 1786 1518 1844 apud

19 1860 227 1919 Sophocl.
261 1860 371 1905 Oed.
403 1860 507 1905 Col.
539 1862 630 1905 84..
1075 1892 1078 1896 .
1174 1893 1177 1895 .

26 1959 29 1963 ·
83 1927 304 1994 δαφοινοὶ]
384 1935 576 1994 Hesych.
619 1936 671 1979 in
715 1952 757 1980 v.
790 1937 913 1998 bene
948 1931 1060 1980 λιόιν
1106 1931 1262 1994 φοίνιαι
1305 1938 1518 1996 explicat.

19 2010 152 2056 conf.
185 2010 363 2054 Scholia
394 2012 608 2070 paraphr.
645 2020 690 2055 et
719 2012 891 2056 Monac.
925 2014 1043 2071 apud
1075 2013 1320 2057 Rankium.

26 2109 39 2115 —
85 2079 372 2144 ἄπλητοῖιτε]
419 2087 453 2129 i.
484 2102 522 2130 e.
555 2095 606 2129 ut
643 2086 794 2131 Schol.
828 2089 1042 2147 paraphr.
1075 2089 1328 2147 explicant,
1369 2080 1438 2138 αἷς
1471 2086 1520 2133 οὐ

19 2153 199 2205 δύναιτ-αἱ
249 2174 315 2208 τις
360 2153 632 2215 πλησιάσαι,
674 2178 810 2220 quam
853 2164 1084 2208 notionem
1125 2164 1262 2207 etiam
1302 2166 1519 2210 vocabulo

18 2237 228 2280 tribuunt
254 2252 328 2281 vv.
359 2238 457 2289 147,
474 2238 576 2290 230,
599 2239 700 2283 268.
755 2238 888 2283 Conf.
921 2239 1148 2284 Muetzell.
1169 2240 1224 2282 de
1242 2256 1330 2284 em.
1350 2242 1516 2301 Theog-

18 2328 65 2371 p.
89 2314 168 2365 56,
201 2320 246 2356 et
274 2328 404 2371 super
433 2321 628 2370 quatuor
656 2315 718 2358 sic
749 2315 915 2357 iunctis
946 2314 997 2358 in
1023 2314 1071 2359 h.
1095 2329 1138 2358 v·
1173 2309 1315 2374 Κηρῶν
1344 2317 1519 2376 epithe-

17 2388 76 2431 tis
106 2388 308 2444 Rankius
338 2389 392 2431 ad
424 2389 470 2432 h.
503 2390 537 2432 l.

34 2568 38 2571 -
78 2554 121 2583 v.
145 2541 224 2583 251
260 2555 349 2598 seq.
393 2536 542 2584 παῖσαι
576 2533 620 2584 δ’
653 2534 722 2599 ἄρ’
753 2531 868 2583 ἰἐντο
903 2531 1017 2596 αἷμα
1039 2537 1181 2598 μέλαν
1205 2537 1362 2604 πιέειν]
1410 2543 1519 2589 San-

17 2614 116 2673 guis
154 2615 431 2672 gratissimus
467 2616 715 2660 habebatur
751 2616 1006 2660 inferorum
1036 2626 1183 2676 potus.
1247 2618 1518 2678 Sanguinem

9 2690 135 2747 ‚apud
171 2689 417 2734 Homerum
454 2692 539 2736 Od.
588 2693 645 2735 A.
691 2695 748 2736 35
792 2691 956 2735 bibunt
998 2702 1288 2738 mortuorum
1327 2696 1516 2741 animae.

19 2761 289 2823 Sanguinem
320 2768 436 2824 apud
460 2768 618 2826 Eurip-
648 2770 697 2812 in
729 2770 823 2813 Alc.
853 2785 895 2813 v.
926 2771 1014 2813 846
1044 2770 1159 2814 bibit
1180 2771 1275 2830 ipse
1294 2763 1520 2823 Θάνατος,
