1748 3224
265 218 329 269 30
858 236 1178 267 conauumvs

325 367 368 394 v.
399 352 497 394 128.
531 341 691 401 θήκατο
707 341 743 391 δ’
763 341 978 405 ἀμφ’ὤμ.
995 342 1100 406 ἀρῆς
1112 341 1315 406 ἀλκτῆρα
1329 340 1500 407 σίδηρον
1522 350 1552 393 i.
1568 365 1606 392 e.
1622 363 1748 392 ensen

262 442 287 470 e
318 427 464 470 balteo
494 439 768 481 suspensum.
817 423 949 469 conf.
976 424 1031 469 ΙΙ.
1055 425 1102 468 Β.
1132 428 1202 476 45,
1236 425 1289 469 A.
1323 427 1394 470 29.
1445 426 1589 470 Miror
1619 434 1748 470 auten

261 503 395 547 Viros
433 501 593 544 Doctos
634 515 727 542 non
758 499 987 543 offendisse
1028 501 1082 544 ad
1120 501 1237 544 illud
1277 492 1448 558 σὶὃηρον
1486 501 1558 544 h‘n‘c
1588 502 1642 544 de
1672 516 1748 544 ens

263 583 526 633 usurpatum
544 606 554 626 ,
585 589 687 617 cum
721 589 810 616 uon
845 575 978 616 modo
1007 576 1123 632 apud
1150 575 1397 618 Homerum
1425 575 1586 631 passim
1618 569 1696 633 ἄορ
1728 590 1748 619 e

261 644 501 709 Φάσγανον
515 643 719 710 χάλκεον
740 657 785 692 et
804 641 1113 709 παγχάλκεον
1131 651 1342 698 dicantur
1357 649 1469 710 (vid.
1486 649 1573 695 Od.
1595 651 1654 694 Θ.
1669 652 1748 694 403

261 729 312 771 T.
347 728 462 778 241,
509 727 567 770 X.
600 728 657 771 79
684 725 814 783 seq.),
854 726 926 769 sed
967 726 1103 771 etiam
1135 725 1255 769 infra
1287 742 1329 769 v.
1367 726 1450 769 221
1495 733 1748 774 memorem

260 795 338 859 ἄορ
358 796 574 862 χάλκεον.
634 801 755 845 Num
792 801 934 858 igitur
963 801 1188 859 peculiare
1217 802 1325 858 quid
1356 802 1407 845 in
1437 801 1652 847 Herculis
1671 817 1748 845 ens

258 877 502 921 obtinuisse
541 877 828 922 statuendum
869 885 957 929 est,
996 885 1072 928 ut,
1110 878 1488 935 quemadmodum
1525 877 1748 934 Chrysaor

258 952 351 997 fuit
391 946 470 1010 ἄορ
501 945 711 1012 χρύσειον
757 951 862 1010 (Th.
898 967 941 997 v.
983 952 1119 1010 283),
1167 953 1230 1001 sic
1263 953 1337 997 illi
1377 952 1536 996 fuerit·
1557 943 1746 1010 σιδήρεον

258 1037 312 1071 ut
349 1036 457 1072 esset
491 1028 639 1071 maior
679 1027 773 1070 eius
810 1027 859 1069 in
899 1028 1118 1071 caedendo
1161 1028 1245 1079 vis,
1287 1043 1423 1085 quam
1461 1028 1643 1084 quidem
1686 1027 1748 1082 ill.

256 1112 399 1148 aetate
427 1103 533 1146 satis
562 1103 654 1145 iam
673 1102 900 1160 cognitam
926 1102 1181 1146 habebant?
1217 1103 1370 1160 Itaque
1392 1103 1694 1153 instrumenta
1713 1119 1748 1147 a«

256 1180 493 1225 secandum
524 1177 668 1222 ferrea
699 1186 1010 1221 memorantur
1041 1179 1164 1223 varia
1195 1179 1250 1222 11.
1284 1178 1338 1223 Δ.
1371 1179 1471 1230 485.
1491 1178 1541 1221 Η.
1562 1179 1610 1223 iu
1630 1179 1748 1227 Merc

258 1259 330 1309 41,
366 1257 469 1305 109,
513 1262 557 1297 et
597 1254 741 1297 videri
780 1261 924 1311 potest
953 1254 1003 1297 iu
1035 1254 1107 1298 his
1135 1255 1191 1298 11.
1221 1255 1271 1302 Σ.
1305 1255 1386 1298 34:
1429 1245 1562 1298 δείδιε
1586 1245 1678 1313 ’γὰρ
1709 1260 1748 1308 μ,

255 1326 414 1389 λαιμὸν
428 1322 706 1387 ἄποτμῆσειε
721 1321 892 1389 σιδήρῳ,
923 1331 1038 1373 ensis
1063 1318 1174 1372 'adeo
1203 1329 1472 1388 significari,
1495 1344 1748 1388 quamquan

252 1410 293 1454 si
325 1408 458 1455 verba
488 1408 572 1452 illa
603 1422 709 1459 non,
738 1414 789 1449 ut
811 1406 997 1464 quidam
1023 1405 1318 1451 Grammatioi
1353 1407 1609 1458 voluerunt,
1632 1405 1747 1452 intel

254 1485 431 1544 ligenda
462 1491 568 1527 sunt
595 1484 650 1526 de
682 1483 880 1535 Achille,
927 1490 1154 1526 metuente
1184 1497 1240 1525 ne
1269 1482 1382 1525 caesi
1417 1481 1610 1530 Patrocli
1633 1495 1746 1539 capu

255 1561 418 1605 Hector
447 1560 741 1610 abscinderet,
775 1562 846 1603 sed
869 1558 922 1602 de
942 1557 1210 1609 Antilocho,
1246 1565 1473 1600 metuente
1492 1572 1549 1600 ne
1569 1557 1748 1600 Achille

254 1652 361 1696 prae
390 1637 544 1680 dolore
574 1635 633 1679 ob
663 1642 856 1677 mortem
887 1634 1019 1679 amici
1050 1648 1234 1679 manum
1267 1632 1354 1676 sibi
1386 1632 1597 1685 inferret,
1629 1633 1748 1676 etian

250 1713 309 1756 de
338 1713 506 1763 cultro,
538 1711 616 1769 qui
649 1712 696 1754 in
733 1711 926 1753 tentorio
956 1709 1120 1761 fuerit,
1151 1710 1338 1767 cogitari
1358 1716 1513 1767 potest.
1562 1709 1624 1753 At
1650 1716 1748 1752 cert*

254 1788 365 1832 ferri
394 1801 570 1846 quoque
600 1801 729 1831 usum
762 1786 852 1828 iam
886 1786 934 1829 in
967 1786 1104 1828 armis
1133 1783 1287 1836 fuisse,
1312 1785 1421 1829 hinc
1442 1783 1622 1838 efficias,
1648 1800 1748 1842 quo<

251 1863 546 1910 Telemachus
576 1861 663 1906 od.
695 1862 754 1906 Π.
787 1862 877 1905 294
903 1861 1126 1904 removeri
1158 1861 1318 1918 procul
1347 1876 1370 1904 a
1394 1875 1633 1919 procorum
1660 1875 1748 1904 con·

253 1940 377 1984 vivio
409 1954 532 1983 arma
565 1938 746 1990 iubens,
771 1937 887 1980 hanc
907 1935 1051 1980 adfert
1070 1938 1314 1981 rationem:
1347 1931 1477 1982 αὐτὸς
1508 1926 1600 1993 γὰρ
1628 1926 1748 1993 ἒφέλ·

253 2028 379 2060 xerat
409 2006 544 2071 ἄνδρα
578 2005 759 2071 σίδηρος.

314 2185 355 2212 v.
385 2169 467 2211 129
493 2180 580 2223 seq.
624 2160 766 2217 κοίλην
800 2156 848 2209 δὲ
873 2160 971 2222 περ)
1006 2157 1075 2208 σθ.
1107 2159 1324 2223 φαρέτρην
1363 2176 1404 2207 κ.
1435 2177 1477 2206 τ.
1507 2157 1567 2219 &J
1632 2163 1748 2207 Recta

252 2245 443 2289 Guietus
462 2244 516 2288 ad
542 2243 588 2288 h.
605 2244 638 2288 l.
660 2244 881 2293 »Lorum.
902 2242 1070 2299 inquit,
1093 2242 1186 2285 sive
1207 2241 1352 2292 fascia,
1372 2256 1429 2285 ex
1449 2256 1534 2298 qua
1554 2240 1748 2299 pharetrs

253 2320 523 2380 »pendebat‚
563 2319 688 2376 prius
726 2319 774 2361 in
804 2319 972 2361 collum
1008 2317 1296 2368 induebatur,
1339 2325 1383 2360 et
1419 2317 1523 2360 inde
1553 2316 1748 2375 pharetra

254 2413 305 2441 »a
337 2405 535 2456 pectore,
576 2397 630 2440 ad
661 2397 779 2454 quod
812 2395 952 2455 posita
985 2402 1100 2447 erat,
1142 2394 1190 2438 in
1222 2402 1399 2452 tergum
1430 2394 1746 2438 reiiciebatur.’

251 2476 382 2534 Apud
411 2475 540 2533 Prop.
571 2474 626 2518 11.
658 2487 723 2518 lx.
758 2474 812 2518 10
842 2472 1012 2516 dicitur
1038 2471 1244 2528 pharetra
1274 2476 1319 2512 in
1351 2470 1522 2515 humero
1554 2475 1704 2512 iacere.
1740 2486 1743 2490 ·

311 2552 444 2597 Notat
475 2558 624 2594 autem
656 2549 858 2596 Wolfius
889 2548 942 2591 ad
975 2547 1094 2599 h.1.,
1121 2547 1159 2591 si
1190 2561 1258 2590 res
1288 2560 1346 2591 ex
1377 2546 1578 2595 herou·
1600 2544 1748 2591 Home·

250 2628 448 2670 riom-um
481 2625 800 2669 consuetudine
822 2622 1055 2667 iudicanda
1076 2623 1156 2674 sit,
1187 2621 1444 2679 pharetram
1465 2635 1570 2665 cum
1591 2619 1748 2679 sagittis

246 2703 301 2746 cd
323 2698 570 2744 πανοπλίαν
602 2716 691 2744 non
725 2701 970 2758 pertinere:
1009 2706 1054 2741 at
1095 2697 1276 2741 Herculi
1312 2696 1495 2740 fortasse
1525 2696 1748 2754 proprium

253 2781 334 2824 hoc
382 2781 552 2836 pot-tam
602 2786 772 2836 putasse
802 2784 845 2820 et
876 2777 1054 2833 sagittas
1084 2782 1275 2831 quatuor
1313 2773 1508 2818 versibus
1541 2786 1748 2816 exornare
