1748 3224
554 227 594 257 m
629 225 794 257 ansioni
827 226 1006 258 scvrvnr.
1466 211 1527 259 31·

28 338 234 383 voluisse.
277 336 360 381 Sed
389 338 550 396 quidni
579 340 815 397 proprium
849 341 934 383 hoc
963 341 1096 398 poeta
1114 340 1368 397 putaverit?
1410 340 1527 383 Num

27 412 194 459 oblitus
222 422 318 456 erat
338 413 558 466 Wolfius,
591 414 726 457 etiam
753 414 1000 458 Homerum
1021 414 1111 457 iam
1144 414 1233 459 od.
1253 415 1312 458 Θ.
1336 416 1422 460 224
1442 431 1528 474 seq.

0 510 2 515 ⁴
26 482 231 533 Herculis
261 481 372 542 τόξα
388 489 636 540 celebrasse,
658 496 709 530 ut
729 489 890 546 quibus
910 491 1110 533 maxime
1130 492 1408 544 excelluerit,
1427 499 1527 534 tum

0 571 70 608 ot
98 562 183 608 od.
217 564 271 608 A.
305 566 389 609 607
431 579 555 608 arma
592 570 636 607 et
675 564 852 622 sagittas
891 565 1056 608 habens
1086 565 1296 609 inducere
1325 565 1530 609 Herculis

21 629 237 685 Mezen?
297 640 443 682 Immo
474 646 518 682 et
547 632 626 696 per
656 653 700 681 se
729 638 943 683 credibile
973 647 1060 690 est,
1100 655 1204 682 eum
1242 656 1414 699 semper
1435 640 1531 684 fere

19 702 177 759 'orcum
209 721 254 757 et
282 714 459 772 sagittas
488 722 635 756 secum
667 713 889 764 habuisse,
908 722 953 756 et
983 715 1098 771 apud
1111 714 1437 772 Apollodorum
1465 732 1530 760 se-

22 789 221 834 cundum
245 789 450 846 antiquos
479 795 628 847 poetas
657 788 908 846 saepissime
937 789 992 832 iis
1017 805 1117 832 usus
1141 790 1356 843 traditur,
1378 801 1432 836 ut
1454 793 1528 836 ad-

26 879 174 909 versus
198 864 403 923 Hydram
433 865 702 917 Lernaeam,
734 863 1068 923 Stymphalides
1095 881 1216 921 aves,
1250 865 1526 926 Geryonem,

23 940 219 998 aquilam
251 934 529 992 Promethei,
561 940 758 984 Nessum.

39 1037 44 1059 .›
81 1014 212 1072 Quod
242 1015 340 1068 hic,
373 1023 426 1060 ut
456 1017 739 1074 sagittarum,
772 1031 866 1059 non
889 1016 1000 1059 item
1021 1016 1184 1061 diserta
1207 1033 1334 1062 arcus
1358 1020 1538 1062 mentio-

3 1091 134 1146 ·Afacta
157 1099 244 1144 est,
271 1090 452 1135 facilem
479 1092 754 1150 explicatum
781 1092 929 1136 habet.
962 1093 1139 1137 Poterat
1157 1109 1305 1146 arcus,
1325 1096 1375 1138 in
1393 1110 1536 1138 curru·

8 1167 226 1232 '‘relictus,
275 1168 366 1211 cito
411 1168 518 1211 inde
556 1168 593 1211 si
629 1183 697 1211 res
733 1168 930 1226 exigeret
967 1171 1144 1225 promi,
1193 1172 1267 1214 sed
1303 1187 1395 1214 non
1434 1179 1534 1214 tam*

9 1234 112 1289 ‘'eito
134 1243 345 1300 pharetra
373 1259 396 1286 e
419 1245 518 1288 loro
539 1244 733 1302 pendens
751 1245 929 1302 corpori
950 1246 1094 1302 aptari
1115 1254 1288 1303 poterat
1307 1262 1356 1289 eo
1377 1248 1525 1299 modo,

0 1303 100 1381 iflffi
131 1318 399 1363 describitur
429 1335 472 1363 v.
511 1321 596 1363 120
626 1333 712 1376 seq.

4 1413 19 1515 Ξ
37 1493 42 1505 ·«
81 1470 239 1516 v.131.
265 1460 718 1527 θανάτοιο-δοτῆρες]
749 1471 814 1514 Ita
835 1471 1031 1523 dictum,
1051 1459 1240 1531 ut''Ep·y.
1262 1474 1348 1518 356
1377 1464 1530 1531 ἅρπαξ

6 1527 224 1593 {hydram
256 1536 440 1604 δότειρα.

7 1711 9 1730 ³
83 1713 125 1743 v.
158 1698 256 1744 132.
303 1689 488 1755 δάκρυσι
515 1695 675 1755 μῦρον,
710 1698 906 1754 lacrymis
942 1698 1193 1751 madebant,
1214 1699 1398 1755 -poetice
1416 1731 1427 1750 ,
1457 1700 1528 1741 sed

3 1753 230 1835 {audacius
264 1774 438 1818 dictum
471 1789 553 1831 pro
593 1775 814 1832 lacr'ymas
849 1775 1044 1826 ciebant,
1083 1775 1252 1819 scilicet
1283 1777 1536 1818 occisorum

9 1850 241 1908 ·-cognatis,
273 1851 392 1893 unde
420 1858 464 1893 et
494 1843 740 1897 στονόεντες
778 1844 917 1894 ὀϊστοὶ
946 1851 1065 1909 apud
1096 1850 1341 1892 Homerum
1373 1849 1457 1893 Od.
1479 1849 1531 1892 Φ.

7 1924 102 1976 ΞῘῚ,
149 1925 221 1968 60.
294 1926 359 1974 De
405 1927 634 1969 venenatis
678 1926 850 1984 sagittis
889 1927 1037 1984 potius
1087 1925 1434 1983 intelligendum
1464 1925 1531 1968 ait

10 1985 347 2059 ‘'GoettlingiuS,
380 2002 452 2044 sed
485 2017 639 2045 vereor
670 2011 722 2045 ut
753 2002 918 2046 Graeca
950 2003 1083 2047 verba
1112 2002 1156 2045 id
1186 2002 1351 2045 sinant.

80 2168 121 2196 v.
154 2154 252 2197 134.
296 2147 504 2211 μόρφνοιο
535 2149 760 2212 φλεγῦοιο]
822 2155 978 2212 Etym.
1010 2154 1070 2197 M.
1109 2169 1152 2210 p.
1188 2154 1273 2196 796
1298 2166 1389 2211 pr.:
1422 2145 1532 2209 μόρ-

2 2224 145 2285 ῗγφνοιο
170 2226 392 2287 φλεγύαο·
413 2221 612 2276 Ἡσίοδος
634 2222 813 2274 Ἀσπίδι
838 2249 905 2258 -
932 2226 1139 2272 τοῦτ-εστι
1163 2226 1349 2285 μέλανος
1377 2220 1539 2271 ἀετοῦῑ

2 2291 119 2347 {tum
151 2311 268 2347 recte
297 2301 506 2363 φλεγύαο
537 2305 709 2347 dictum
742 2306 806 2347 ait
844 2298 937 2347 ἀπὸ
968 2305 1045 2347 τοῦ
1078 2301 1265 2363 φλέγειν
1301 2298 1376 2346 καὶ
1409 2306 1539 2359 λαμ*

2 2368 123 2437 ςπρὸν
157 2369 279 2424 εἶναι.
342 2380 565 2438 Hesychio
595 2388 640 2423 et
669 2381 778 2423 hinc-
809 2381 1045 2424 Eustathio
1076 2382 1129 2423 ad
1161 2381 1216 2424 11.
1234 2380 1273 2423 N
1294 2396 1341 2439 p.
1359 2383 1459 2432 933,
1472 2381 1539 2422 26-

0 2450 227 2512 έ-Φλεγύας
257 2458 501 2514 exponitur
539 2450 668 2502 ἀετὸς
693 2447 866 2510 ξανθός,
908 2455 1068 2499 Suidae
1107 2457 1378 2515 simpliciter
1405 2450 1536 2515 γένος

18 2524 170 2573 ἀετοῦ.
220 2532 463 2589 Epitheton
500 2532 673 2589 aquilae
708 2524 897 2589 μόρφνον
929 2531 1093 2575 tribuit
1131 2532 1349 2575 Homerus
1382 2533 1437 2576 ΙΙ.
1471 2533 1529 2574 Ω.

0 2501 129 2671 fine,
162 2607 279 2663 quod
311 2606 366 2649 ab
396 2607 497 2651 aliis
527 2606 774 2663 exponitur
804 2607 933 2658 celer,
965 2607 1020 2649 ab
1049 2607 1150 2650 aliis
1183 2613 1323 2665 niger,
1354 2607 1408 2650 ab
1428 2607 1539 2650 aliis-

0 2673 294 2739 &pet-niciosus,
372 2681 552 2727 Scilicet
592 2682 760 2726 incerta
802 2691 886 2738 est,
933 2691 984 2725 ut
1028 2684 1153 2742 origo
1194 2682 1424 2733 vocabuli,
1465 2682 1527 2724 ita

0 2755 299 2814 ¹significatio.
360 2758 430 2802 Ab
467 2757 704 2802 Aristotele
742 2758 796 2802 H.
830 2758 880 2802 A.
922 2759 998 2802 lx„
1035 2760 1090 2802 32
1120 2759 1196 2815 (22
1230 2756 1453 2813 Schneid.)
1486 2766 1529 2799 et
