1748 3224
598 251 638 282 11«
667 248 832 283 flasiom
859 249 1037 282 scvrvn.
1485 221 1577 284 105

54 371 186 410 'num
215 374 388 409 secutus
409 366 625 410 Graevius
650 366 783 411 verba
803 366 910 409 haec
935 367 990 410 ad
1009 366 1217 425 Cycnum
1240 366 1399 410 retulit
1418 369 1576 411 caden-

74 450 188 495 tem,
226 442 401 500 quando
439 449 556 484 certe
595 442 804 499 ineptum
843 448 908 484 est
952 433 1076 500 ’γάρς
1118 442 1236 499 quod
1270 442 1487 486 Graevius
1524 451 1577 486 ut

72 518 395 568 dissimularet,
435 516 631 559 reddidit
652 532 866 574 magnum
897 532 1015 559 vero
1048 516 1176 559 robur
1205 518 1463 560 concidit
1481 524 1574 561 oiri.

71 595 169 638 Imo
204 594 478 637 reddendum
513 608 617 635 cum
658 593 792 636 Basil.
836 601 881 636 et
921 594 1076 637 ceteris
1113 594 1222 637 hinc
1254 594 1578 653 Interpretibus

71 675 430 741 magnum'enim
462 668 591 710 robur
620 668 814 711 incidit
841 674 941 722 viri,
978 669 1028 712 in
1058 669 1264 728 Cycnum
1291 671 1385 714 scil.
1447 671 1577 714 Poeta

71 744 156 788 hoc
179 746 299 790 vult:
331 759 422 787 non
448 744 644 796 mirum,
679 745 717 786 si
743 743 868 787 hasta
893 744 1023 788 ambo
1047 760 1206 789 nervos
1229 761 1409 804 prorsus
1440 746 1577 789 absci-

68 820 152 865 dit.
213 820 414 879 Namque
449 820 674 863 incidebat
706 821 756 864 in
796 821 878 864 hos
910 835 958 864 ea
994 820 1062 873 vi,
1104 837 1192 879 qua
1230 822 1447 865 iaculatus
1480 837 1576 866 eam

69 903 164 939 erat
190 911 353 954 magno
379 896 537 940 robore
566 897 793 955 praeditus
821 897 1043 942 Hercules.

128 1062 173 1091 v.
197 1047 297 1091 421.
340 1040 462 1106 ἤριπε
495 1039 560 1102 δ’,
589 1042 644 1094 ὡς
676 1041 751 1091 ’ὅτε
774 1061 840 1096 τις
863 1040 959 1106 δρῦς
982 1040 1148 1107 ἤριπεν]
1210 1049 1398 1092 Exstant
1425 1049 1577 1092 eadem

70 1123 124 1167 Il.
148 1123 202 1167 N.
227 1125 336 1176 389,
367 1123 428 1167 H·
464 1124 566 1166 482.
605 1123 895 1183 Comparatio
917 1132 1067 1167 autem
1088 1123 1252 1166 similis
1272 1131 1419 1167 exstat
1439 1124 1576 1166 etiam

69 1199 124 1244 Il.
153 1199 206 1244 N.
239 1201 323 1243 178
351 1215 484 1258 seqq„
518 1201 566 1243 Ξ.
602 1200 688 1242 414
708 1215 824 1258 seqq.
856 1200 1084 1243 Praeclare
1113 1199 1352 1243 exornavit
1372 1213 1468 1242 eam
1490 1198 1578 1243 Ca-

69 1276 213 1319 tullus
244 1276 404 1320 LXIV.
438 1277 521 1318 105
553 1290 670 1333 seqq.

128 1442 172 1472 v.
197 1428 279 1470 421
313 1442 401 1486 seq.
447 1419 472 1481 ἢ
504 1420 580 1470 ὅτε
610 1420 747 1483 πέτρη
780 1418 1027 1482 Ἠλίβαιτος
1065 1438 1107 1468 κ.
1138 1438 1181 1468 τ.
1212 1418 1286 1484 λ.]
1354 1425 1579 1469 Gravissi-

68 1517 170 1545 mus
207 1518 310 1546 sane
348 1503 429 1546 ille
466 1518 607 1554 casus,
655 1502 834 1559 quando
867 1502 1064 1544 excelsae
1094 1501 1245 1559 rupis,
1278 1496 1436 1559 πέτρης
1469 1494 1579 1554 ἧλι-

17 1635 26 1647 ,
69 1569 214 1634 βᾶτο
226 1591 266 1631 υ,
297 1593 510 1622 cacumen
528 1577 726 1621 fulmine
754 1592 1013 1636 percussum
1038 1577 1266 1620 deiicitur.
1299 1576 1433 1621 Conf.
1455 1575 1577 1620 infra

71 1669 115 1698 v.
151 1655 235 1697 437
269 1669 386 1713 seqq.

130 1822 173 1850 v.
198 1807 300 1850 423.
343 1801 470 1862 ἀμφὶ
504 1798 553 1849 δέ
588 1801 627 1849 οἱ
659 1819 699 1848 κ.
730 1819 774 1847 τ.
803 1801 869 1864 λ.]
934 1807 1167 1865 Leguntur
1203 1806 1312 1849 haec
1352 1805 1489 1848 etiam
1521 1803 1576 1848 Il.

70 1882 124 1926 N.
161 1885 270 1934 181,
302 1884 351 1926 Ξ.
386 1882 486 1926 420.

128 2049 172 2078 v.
198 2035 296 2079 424.
343 2026 416 2076 τὸν
458 2029 541 2089 μὲν
581 2026 720 2075 ἔπειτ’
763 2023 884 2074 &ioco-s
926 2026 1027 2079 Διὸς
1070 2034 1174 2075 rom.
1218 2025 1331 2092 υἱός]
1405 2032 1578 2076 Memor

69 2110 270 2153 mandati
306 2109 535 2152 Minervae
570 2123 706 2166 supra
746 2123 787 2151 v.
825 2110 912 2151 330
942 2123 1056 2165 seqq.
1110 2098 1420 2165 Ταλακάρδιος
1461 2108 1577 2167 apud

69 2185 318 2228 Homerum
360 2200 452 2227 non
493 2191 653 2227 exstat.
709 2184 776 2227 Ab
808 2183 1032 2242 Hesychio
1063 2183 1310 2242 exponitur
1349 2178 1573 2236 τλητικὸς,

70 2254 386 2318 ὑπομονητικὸς
418 2255 540 2302 κατὰ
574 2254 649 2313 τὴν
682 2252 874 2318 καρδίαν.

128 2427 204 2458 vv.
219 2413 304 2455 426
317 2427 432 2470 seqq.
471 2403 579 2455 λέων
612 2404 665 2458 ὣς
698 2404 877 2467 σώματι
911 2409 1073 2469 κύρσας
1107 2423 1149 2452 κ.
1177 2423 1220 2450 τ.
1249 2402 1323 2468 λ.]
1386 2409 1577 2468 Compa-

68 2489 189 2533 ravit
218 2488 420 2548 Heynius
450 2503 553 2531 cum
586 2487 834 2538 Homericis
865 2487 920 2530 Il.
955 2487 1008 2529 T.
1044 2488 1128 2529 165
1154 2502 1287 2544 seqq„
1309 2493 1352 2529 et
1370 2484 1578 2542 frequens

70 2572 134 2607 est
165 2565 283 2623 apud
312 2564 460 2607 omnis
493 2564 590 2606 aevi
621 2565 772 2621 poetas
803 2563 1078 2621 comparatio
1112 2563 1219 2605 haec
1250 2562 1441 2605 heroum
1471 2576 1576 2603 cum

69 2640 296 2692 leonibus,
330 2641 402 2683 sed
421 2655 512 2682 «suo
544 2640 662 2697 apud
692 2653 1060 2696 unumquemque
1090 2638 1247 2690 modo,
1278 2645 1331 2679 ut
1366 2643 1471 2679 sunt
1503 2636 1575 2678 hic

69 2717 291 2760 nonnulla
323 2717 377 2759 ab
407 2715 658 2758 Homericis
689 2715 876 2758 diversa.
1057 2699 1062 2705 ⁵

127 2793 306 2836 Dicitur
336 2793 410 2834 hic
441 2784 578 2848 σῶμα
606 2807 766 2850 corpus
800 2791 980 2842 vivum,
1017 2798 1065 2832 ut
1098 2790 1246 2848 arguit
1267 2788 1385 2832 infra
1406 2805 1447 2835 v.
1474 2789 1571 2832 428.
