1748 3224
194 224 289 276 104
778 242 1096 273 conumumvs

253 353 395 406 ἀὐτὸς
412 350 456 402 δ’
478 350 763 410 ἄποιλῆτεται
788 351 934 418 ἄλλῃ]
973 364 1063 416 ipse
1094 365 1232 399 aulem
1269 349 1574 415 (ἀπαλήσεται
1611 372 1693 416 pro
1731 346 1748 427 ἑ

129 423 139 436 ⁸
190 426 513 492 ἄπαλῆσητοιι)
541 432 802 477 aberraverit
835 434 924 476 alio
957 435 1048 476 Ioco
1059 448 1077 487 ,·
1103 433 1276 477 Gallice
1307 443 1349 476 et
1378 433 1413 474 il
1438 450 1536 476 sera
1567 431 1696 492 e'gare'
1745 441 1748 470 ἵ

190 521 312 554 autre
336 519 454 567 part.
518 509 628 553 Fera
651 510 821 552 scilicet
844 509 963 552 haud
989 511 1142 552 statim
1166 525 1190 552 e
1214 510 1400 554 vulnere
1423 509 1692 560 conciderat,

190 587 263 629 sed
295 585 402 644 fuga
429 601 474 628 se
501 585 776 628 subduxerat
801 587 851 636 in
879 587 1056 644 sylvam
1085 586 1156 630 vel
1181 593 1380 644 petram,
1420 599 1502 627 nec
1535 583 1697 626 sciebat

189 670 398 714 venator,
421 676 651 719 quorsum.
691 662 776 704 Res
802 661 876 704 hic
895 669 1076 704 narrata
1101 669 1146 704 et
1168 677 1348 720 sequens
1372 660 1490 704 illud
1513 659 1568 703 de
1591 659 1696 703 vul-

190 737 370 781 turibus
400 731 465 795 (οἱ
483 728 525 780 δ’
545 730 758 795 ὀτραλέως
791 728 989 795 ἐνόησαν)
1018 738 1285 797 diligentem
1313 737 1364 780 in
1390 738 1522 795 pocta
1543 742 1694 778 rerum

188 815 355 857 harum
385 813 741 857 observationem
770 813 938 872 prodit.

250 983 293 1012 v.
316 967 416 1010 415.
460 956 550 1009 οὐδ’
576 958 740 1023 ἕβρηξεν
762 958 966 1025 χαλκόν]
997 966 1029 1010 i.
1048 981 1086 1028 c.
1110 967 1345 1025 clypeum,
1372 965 1470 1021 hic,
1499 972 1552 1007 ut
1578 963 1695 1022 apud

187 1041 322 1086 Hom.
358 1042 414 1085 ιι.
456 1041 506 1083 Γ.
541 1043 654 1094 348,
699 1041 754 1085 H.
785 1042 893 1093 259,
937 1042 985 1086 P.
1021 1042 1119 1098 44,·
1149 1028 1280 1085 nuno
1311 1040 1468 1084 habito
1497 1047 1696 1098 respectu

186 1116 414 1161 materiae.
1657 1135 1661 1138 ·

254 1186 379 1251 ἔρυτο
413 1184 461 1236 δὲ
489 1184 605 1250 δῶρα
638 1184 771 1253 θεοῖο]
835 1193 1046 1238 Contulit
1079 1200 1334 1252 opportune
1368 1191 1578 1237 Clarkius
1607 1191 1698 1236 Ho-

186 1269 354 1312 merica
384 1269 439 1312 Il.
471 1268 524 1312 Υ.
556 1270 642 1312 267
674 1285 789 1328 seqq.

246 1435 289 1464 v.
311 1420 412 1465 417.
453 1415 688 1481 μεσσηγὺς
721 1414 890 1480 κόρυθός
922 1433 974 1464 τε
1007 1435 1048 1464 κ.
1082 1434 1124 1464 τ.
1151 1416 1215 1478 λ.]
1294 1419 1504 1463 Hercules
1542 1409 1697 1477 Cycno

186 1495 353 1538 vulnus
374 1496 537 1539 intulit
563 1497 614 1540 in
636 1499 808 1541 cervice
830 1498 952 1540 inter
971 1497 1143 1556 galeam
1163 1504 1205 1539 et
1227 1503 1405 1538 scutum
1423 1493 1546 1538 infra
1569 1510 1697 1538 men-

184 1578 309 1623 tum,
351 1571 501 1629 itaque
541 1572 592 1615 in
633 1574 856 1616 anteriore
892 1565 1002 1615 colli
1031 1578 1174 1630 parte.
1245 1569 1406 1614 Simile
1445 1571 1612 1615 vulnus
1641 1570 1698 1614 ab

184 1645 366 1690 Achille
408 1647 594 1690 illatum
632 1647 827 1691 Hectori.
903 1647 1008 1692 Vid.
1056 1647 1112 1691 11.
1154 1646 1212 1689 X.
1256 1646 1344 1689 324
1377 1660 1496 1705 seqq.
1561 1645 1696 1691 Conf-

182 1730 229 1765 et
276 1722 442 1780 virgil.
499 1724 611 1768 Aen.
650 1723 730 1769 XI.
772 1726 855 1769 691
901 1739 1047 1782 seqq„
1093 1722 1246 1780 ibique
1285 1722 1431 1780 Heyn.
1472 1722 1523 1767 in
1562 1722 1694 1768 Varr.

185 1799 326 1842 Lectt.

242 1965 287 1994 v.
311 1952 412 1995 418.
456 1943 562 1998 θοῶς
592 1952 872 2011 iungendum
900 1968 1004 1996 cum
1031 1968 1117 2010 seq.
1155 1946 1309 2006 ἤλασε.
1378 1951 1509 1996 Valet
1546 1947 1692 1994 autem'

182 2031 325 2067 statim
356 2035 481 2085 atque
512 2027 713 2070 nudatum
748 2028 862 2073 vidit.

243 2162 286 2221 v.
311 2178 411 2222 419.
453 2170 546 2222 ἀπὸ
580 2170 621 2223 δ’
657 2173 800 2237 ἄμφω
832 2173 958 2239 κέρσε
990 2173 1184 2239 τένοντε]
1242 2180 1407 2224 Eadem
1435 2179 1610 2238 phrasis
1631 2186 1694 2222 est

183 2254 238 2297 11.
265 2255 321 2299 K.
354 2257 460 2308 456,
505 2256 552 2299 Ξ.
593 2255 705 2310 466·,
753 2256 916 2299 similis
961 2257 1019 2300 11.
1062 2256 1114 2300 N.
1161 2257 1271 2299 546:
1315 2250 1406 2299 ἀπὸ
1445 2247 1493 2299 δὲ
1531 2247 1695 2311 Φλέβα

182 2325 338 2374 πᾶσαν
368 2325 550 2389 ἔκερσεν.
593 2332 819 2375 Dicuntur
841 2340 989 2375 autem
1016 2332 1089 2375 hic
1120 2324 1292 2376 τένοντε
1321 2333 1488 2376 eximie
1509 2333 1598 2375 duo
1619 2331 1694 2374 illi

180 2405 365 2449 cervicis
402 2408 531 2452 nervi
560 2408 770 2460 maiores,
814 2408 976 2466 quibus
1008 2408 1378 2466 circumaguntur
1409 2409 1518 2452 colli
1548 2415 1692 2453 verte-

184 2481 300 2526 brae.
364 2482 493 2527 conf.
521 2483 575 2528 11.
605 2484 657 2531 ll.
684 2499 747 2526 cc.
779 2491 823 2526 ot
854 2483 907 2526 Δ.
931 2485 1047 2546 521,
1081 2485 1132 2529 E.
1163 2486 1272 2538 3073
1306 2485 1485 2528 Foiisius
1512 2483 1563 2528 in
1591 2483 1690 2527 Iud.

182 2556 395 2616 Hippocr.
426 2559 478 2602 ad
514 2575 555 2604 v.
619 2559 733 2603 Hinc
768 2567 832 2603 est
862 2553 1060 2604 τενοντόω
1091 2566 1289 2603 cervicem
1305 2558 1519 2610 abscindo,
1531 2558 1687 2619 iugulo.

181 2632 284 2676 Vid.
319 2633 509 2693 Hesych.
543 2634 591 2677 in
625 2627 916 2688 τενοντῶσεις,
947 2644 991 2679 et
1026 2636 1091 2679 ibi
1123 2636 1325 2696 Interpp.

243 2802 282 2832 v.
308 2787 406 2830 420.
450 2783 576 2846 μέγα
607 2781 698 2845 ’γὰρ
733 2780 877 2835 σθένος
912 2782 1080 2844 ἔμπεσε
1114 2781 1285 2847 φωτός]
1366 2789 1481 2832 Male
1527 2786 1688 2831 Diaco-
