1748 3224
575 212 612 241 m
647 211 813 242 ufismm
843 211 1016 241 scvrvm.
1479 197 1541 244 25

36 339 196 369 ‘versus
217 328 273 369 95
305 333 348 368 et
378 326 434 368 96
458 326 522 368 ita
550 326 818 369 abiiciendos
844 327 1015 369 censuit
1035 341 1138 368 cum
1161 326 1539 384 praecedentibus,

34 409 98 462 gut
126 417 300 445 versum
337 404 394 446 78
425 418 569 446 versus
594 404 648 446 97
682 403 894 460 excipiat3
923 403 997 445 sed
1022 410 1138 445 recte
1166 390 1467 460 Goettlingius
1497 411 1542 445 et

36 477 244 533 ‹Rankius
269 486 564 528 monuerunt,
596 476 972 535 frequentissimas
997 493 1084 521 esse
1109 479 1217 521 tales
1244 478 1359 536 apud
1385 479 1541 536 Epicos

29 553 340 611 wepeffliones.

31 655 43 680 ς
102 628 312 673 Ceterum
341 622 582 672 tenendum
609 635 696 678 est,
727 628 959 672 Herculem
989 636 1032 671 et
1055 630 1245 672 Martem
1272 630 1334 672 ita
1359 630 1538 688 quidem

29 705 88 754 »im
123 706 374 763 propinquo
406 698 471 762 (οὐ
491 703 636 756 τηλοῦ,
671 704 790 747 infra
819 720 863 747 v.
896 703 996 763 118)
1029 704 1184 756 fuisse,
1219 714 1271 748 ut
1298 706 1538 748 clamorem

19 771 220 832 'Mai-tis,
257 780 306 822 in
348 779 492 822 vicino
533 780 628 822 viae
664 781 765 823 luco
811 778 1192 838 περιμαινομένου,
1235 779 1540 839 fragoremque

38 871 194 898 currus
233 851 432 914 (κτύπον,
466 871 508 898 v.
539 853 612 912 98)
657 857 811 898 audire
838 856 1062 907 Hercules,
1093 871 1312 914 quemque
1341 865 1385 900 et
1417 873 1538 900 arma

32 931 119 977 Dei
141 938 187 973 et
211 930 301 987 ipse
319 930 434 973 Deus
459 928 681 988 fulgorem
709 930 995 982 emittebant,
1024 932 1173 974 videre
1193 940 1352 990 posset3
1382 947 1536 975 verum

28 1011 129 1052 &uon
164 1014 342 1049 eatenus
378 1007 424 1048 in
461 1007 737 1064 propinquo,
781 1013 831 1048 ut
873 1022 963 1051 non
1006 1007 1187 1050 Herculi
1218 1015 1394 1066 tempus
1433 1018 1539 1051 esset

31 1081 157 1125 ⁴inter
184 1081 461 1139 colloquium
489 1097 593 1124 cum
626 1081 747 1124 Iolao
778 1097 901 1125 arma
929 1082 1195 1140 expediendi
1224 1082 1537 1140 induendique.

30 1157 147 1209 Nia,
175 1172 255 1215 per
277 1172 411 1214 quam
438 1157 682 1200 vehebatur
700 1158 932 1210 Hercules,
957 1158 1225 1201 Trachinem
1251 1158 1399 1216 potius
1419 1158 1539 1215 (vide

14 1230 155 1278 „infra
184 1248 226 1278 v.
257 1232 360 1288 353)
399 1231 584 1275 ducebat
612 1240 787 1290 praeter
811 1233 1037 1291 Apollinis
1060 1234 1234 1284 lucum,
1266 1249 1324 1276 ex
1353 1249 1461 1291 quo,
1486 1242 1539 1276 ut

14 1308 175 1355 &tradit
202 1306 351 1351 Schol.
386 1307 513 1351 Pind.
543 1306 616 1351 Ol.
642 1307 698 1351 X.
719 1309 787 1359 19,
819 1316 1106 1351 consueverat
1135 1307 1312 1365 Cycnus
1339 1310 1388 1352 in
1410 1325 1538 1367 prae-

11 1387 255 1446 Qtereuntes
283 1385 507 1443 impetum
536 1382 693 1427 facere.
751 1384 945 1428 Videtur
981 1384 1028 1426 id
1057 1400 1147 1427 non
1182 1385 1400 1441 ignorasse
1428 1385 1536 1428 Her-

12 1460 174 1521 mules,
201 1461 279 1519 qui
301 1460 406 1504 inde
434 1460 600 1503 instare
626 1460 712 1503 sibi
738 1475 931 1518 pugnam
961 1468 1135 1503 certum
1165 1460 1345 1511 habens,
1367 1461 1420 1503 ad
1439 1475 1536 1504 eam

12 1536 325 1595 *intempore
359 1551 403 1579 se
436 1536 682 1594 paraverit:
728 1543 772 1578 et
813 1551 915 1579 sane
954 1536 1080 1579 brevi
1109 1544 1208 1594 post
1251 1552 1308 1579 ex
1345 1552 1394 1579 eo
1434 1537 1536 1579 luco

12 1612 211 1672 'Cycnus
250 1627 353 1656 cum
393 1612 535 1656 Marte
575 1628 823 1671 progressus
861 1612 1242 1671 appropinquanti
1282 1611 1465 1655 Herculi
1493 1626 1536 1654 se

8 1703 134 1732 «eum
163 1705 297 1732 curru
327 1690 375 1733 in
402 1690 496 1748 ipsa
527 1690 600 1733 via
629 1689 851 1747 opposuit.
894 1689 1008 1733 Vide
1034 1687 1155 1733 infra
1187 1703 1260 1732 vv.
1280 1691 1367 1732 350
1388 1703 1502 1746 seqq.

14 1811 15 1815 Ἰ
95 1758 366 1820 φοινικόεντα
394 1766 808 1823 pronunciandum,
856 1773 908 1807 ut
947 1764 1360 1823 quadrisyllabum,
1393 1761 1534 1821 Φοινι-

6 1828 204 1888 ζῗκοῦντα.
246 1839 357 1884 Nam
377 1841 564 1883 secunda
587 1839 790 1884 vocabuli
814 1840 988 1898 syllaba
1008 1840 1126 1883 haud
1147 1838 1281 1883 dubie
1300 1840 1432 1897 longa
1453 1847 1530 1883 est.

16 2013 34 2051 ,ἱ
88 2006 130 2035 v.
158 1993 229 2035 99.
271 1984 593 2050 περιμαίνεται]
655 1990 950 2035 Observatum
984 1990 1076 2033 iam
1103 1989 1298 2040 Rankio,
1330 1979 1532 2047 περιμαί-

6 2055 171 2116 ᾴνεσθοιι
201 2067 317 2126 apud
347 2066 593 2110 Homerum
621 2065 787 2110 frustra
813 2065 980 2124 quaeri.

28 2256 33 2262 ,
86 2233 128 2261 v.
171 2219 270 2262 101.
323 2211 463 2260 ἄαται
505 2232 707 2276 praesens
753 2225 816 2260 est
865 2232 945 2274 pro
996 2215 1170 2267 futuro,
1214 2224 1267 2257 ut
1311 2223 1427 2260 recte
1467 2217 1530 2274 gl.

10 2291 133 2337 ‘'Cod.
161 2279 266 2338 Bav.
291 2294 409 2351 apud
437 2293 681 2356 Rankium.
735 2293 942 2336 Hercules
966 2307 1023 2334 ex
1051 2291 1194 2334 animi
1220 2291 1382 2335 fiducia
1402 2292 1456 2335 de
1481 2307 1530 2336 re

11 2383 127 2413 -mox
155 2370 422 2428 perficienda
449 2370 672 2427 loquitur,
699 2369 862 2412 utiam
884 2370 1036 2411 locum
1061 2367 1264 2410 habente.
1314 2367 1530 2410 Herman-

4 2459 137 2497 ,fnum
164 2444 252 2503 Op.
279 2446 402 2504 V1.p
406 2447 520 2488 .195
550 2460 651 2487 veie
670 2459 873 2502 praesens
898 2443 1158 2501 opinantem
1183 2442 1266 2485 hac
1287 2443 1527 2486 sententia.

0 2511 92 2566 Lvel
118 2522 387 2579 jor-tissimus
434 2527 617 2564 satiatur
665 2520 896 2579 aliquando
943 2534 1114 2576 pugna,
1165 2517 1274 2561 bene
1310 2516 1528 2562 refutavit

5 2595 343 2655 {Goettlingius
397 2595 531 2640 Conf.
562 2604 605 2639 et
629 2596 829 2640 Rankius
856 2596 909 2638 ad
942 2595 988 2638 h.
1019 2595 1052 2637 1.

88 2761 129 2790 v.
160 2748 242 2790 103
268 2763 379 2804 seqq.
428 2747 589 2795 Nolens
627 2748 770 2790 Iolaus
806 2747 1039 2790 Herculem
1071 2745 1268 2788 nimium
1297 2745 1526 2802 indulgere
