1748 3224
239 205 305 254 40
826 221 1148 253 conuuumvs

238 339 385 397 capio,
427 351 507 379 cur
541 336 655 378 illud
698 334 782 377 hoc
832 335 928 378 loco
978 335 1276 378 memoratum
1321 335 1495 394 Heynio
1539 337 1586 378 in
1625 336 1748 384 Nom·

240 414 419 459 comm.
461 411 554 454 Soc.
592 411 698 467 Reg.
740 409 970 467 Goetting.
1000 411 1053 454 T.
1085 410 1122 452 I.
1156 411 1202 453 Ρ.
1233 410 1289 454 II.
1321 426 1365 468 p.
1398 414 1476 454 111
1510 412 1654 456 visum
1677 411 1748 454 sit?

240 505 264 533 a
291 502 466 531 summa
492 492 708 529 vetustate
736 484 958 528 abludere.
1473 513 1475 516 -
1746 483 1748 486 ⁴

301 656 341 683 v.
368 640 467 683 142.
503 630 714 695 ἠλέκτρῳ]
774 637 901 688 Erat,
960 644 1013 679 ut
1059 636 1198 678 tradit
1245 637 1425 680 Pausan.
1467 637 1522 681 V.
1560 650 1647 682 ΧΠ.
1683 639 1733 689 7,

239 710 443 773 ἤλεκτρον
495 705 853 771 ἀναμεμιγμένος
906 704 1084 770 ἀργύρῳ
1129 708 1314 771 χρυσός.
1393 712 1734 770 Frequentatam

239 798 389 834 autem
423 789 536 832 hanc
571 794 920 845 temperaturam
957 786 1092 829 fuisse
1119 786 1348 839 Sardibus,
1367 788 1548 846 colligas
1573 802 1631 830 ex
1652 786 1736 831 So-

238 866 413 925 phoclis
439 864 591 922 Antig.
621 878 665 907 v.
691 848 822 915 1037,
850 863 926 905 ubi
947 862 1064 907 conf.
1087 862 1236 908 Schol.
1266 863 1416 906 Fuisse
1441 871 1589 906 autem
1609 863 1734 907 aliud

237 941 388 984 fossile
411 940 654 993 electrum,
696 938 820 981 aliud
858 953 962 980 cura
998 937 1188 990 factum,
1216 947 1369 981 auctor
1397 938 1523 982 nobis
1547 947 1612 982 est
1639 939 1735 983 Pli-

237 1017 341 1060 nius
377 1017 432 1061 H.
466 1016 520 1060 N.
555 1015 633 1059 IX.
670 1016 751 1066 40,
789 1014 999 1058 XXXIII.
1030 1016 1102 1058 23.
1166 1013 1388 1059 Conferre·
1408 1015 1582 1058 iuvabit
1611 1017 1645 1060 Ι.
1677 1016 1732 1060 H.

236 1091 442 1136 vossium
484 1092 539 1134 ad
577 1090 704 1148 Virg.
748 1089 804 1134 G.
857 1090 936 1133 III.
983 1092 1069 1134 522
1116 1107 1161 1149 p.
1204 1093 1315 1144 6633
1371 1091 1633 1135 Buttmann.
1685 1094 1734 1136 in

237 1167 453 1224 Lexilogo
482 1167 585 1212 Vol.
614 1167 673 1211 11.
734 1167 810 1210 Fit
842 1167 976 1210 huius
1007 1159 1213 1224 ἠλέκτρου
1244 1167 1414 1209 mentio
1447 1167 1580 1209 etiam
1616 1167 1733 1225 apud

236 1241 368 1284 Hom.
397 1239 482 1285 Od.
514 1240 569 1283 Δ.
603 1244 675 1294 73,
692 1242 747 1285 ad
765 1257 877 1300 quae
897 1242 1112 1285 videndus
1131 1241 1336 1286 Eustath.
1357 1255 1402 1299 p.
1423 1243 1549 1294 1483,
1569 1244 1627 1284 24
1643 1257 1729 1299 seq.

301 1312 567 1374 ὑπολαμπὲς
596 1312 678 1374 ἔην,
708 1317 964 1360 sublucebat.
1026 1315 1205 1360 Scilicet
1223 1316 1371 1375 gypsi,
1390 1316 1553 1368 eboris,
1577 1317 1731 1361 electri

234 1392 387 1435 minor
425 1400 520 1436 erat
561 1393 795 1451 splendor,
837 1406 971 1449 quam
1017 1392 1191 1451 χρυσοῦ
1224 1389 1402 1448 φαεινοῦ
1425 1390 1730 1450 λαμπομένου.

234 1466 515 1511 Vocabulum
547 1461 814 1523 ὑπολαμπής
843 1467 951 1510 alibi
975 1465 1143 1510 frustra
1161 1482 1355 1525 quaeras.
1401 1467 1560 1511 Simile
1588 1460 1735 1524 ὑφήσ-

233 1554 319 1584 σων
348 1540 468 1586 infra
502 1558 542 1587 v.
576 1545 679 1588 258.
740 1541 950 1588 Ceterum
991 1542 1287 1601 probabiliter
1314 1544 1465 1602 ·Heyn.
1503 1544 1557 1587 ad
1587 1543 1644 1588 ΙΙ.
1676 1544 1728 1588 T.

234 1619 320 1663 398
363 1617 453 1661 huc
493 1619 722 1663 referenda
763 1619 935 1662 censuit
975 1619 1133 1662 vitiosa
1174 1620 1255 1663 illa
1289 1620 1407 1678 apud
1439 1619 1649 1678 Apollon.
1683 1619 1732 1662 in

233 1695 343 1737 Lex.
372 1694 425 1737 ad
450 1709 491 1737 v.
515 1687 719 1752 ἠλέκτωρ·
751 1687 876 1752 πωροι
904 1688 978 1748 τὴν
1010 1693 1087 1739 τοῦ
1114 1686 1320 1752 ἠλέκτρου
1349 1690 1523 1748 οὐσίαν,
1555 1688 1654 1753 περ)
1680 1682 1730 1737 οὗ

232 1767 381 1828 φησιν·
421 1763 648 1830 ἠλέκτωρ
690 1762 1055 1827 §validum-50&

291 1938 333 1966 v.
360 1924 459 1967 143.
492 1914 651 1966 κυάνου
669 1914 717 1967 δὲ
739 1915 815 1967 διὰ
837 1920 1019 1983 πτύχες
1034 1915 1279 1981 ἠλήλαντο]
1310 1915 1476 1966 Κυάνου
1497 1922 1724 1981 Theophr.

230 1999 285 2043 de
318 1999 475 2058 Lapid.
514 1999 577 2059 (p.
603 2001 694 2044 899
721 1999 786 2044 ed.
826 1999 1017 2057 Heins.)‚
1050 2001 1125 2044 cui
1154 2015 1228 2043 sua
1257 1999 1411 2043 debuit
1438 1999 1553 2043 Plin.
1584 1997 1641 2042 H.
1674 1997 1727 2042 N.

230 2075 439 2119 XXXIII.
470 2091 509 2118 c.
540 2076 643 2128 ult.,
673 2077 762 2119 duo
786 2075 921 2119 fuisse
945 2091 1101 2134 genera
1131 2074 1263 2127 dicit,
1295 2075 1499 2119 nativum
1528 2082 1573 2117 et
1594 2073 1728 2118 facti-

227 2151 366 2196 cium.
429 2152 555 2203 Erat,
600 2158 653 2194 ut
688 2151 825 2195 iidem
863 2159 1059 2195 auctores
1094 2151 1299 2203 tradunt,
1335 2151 1540 2194 nativum
1569 2151 1726 2194 metal-

227 2227 313 2270 lica
355 2242 485 2270 arena
519 2227 668 2270 colore
705 2227 955 2285 nigricante
989 2227 1237 2286 splendido.
1296 2226 1520 2271 Videntur
1551 2241 1599 2270 ea
1633 2227 1723 2270 iam

227 2302 475 2360 antiquitus
509 2303 569 2345 ita
600 2301 770 2346 serrum
798 2301 1031 2354 imbuisse,
1064 2309 1114 2344 ut
1144 2302 1246 2345 inde
1265 2301 1445 2344 caerulei
1472 2302 1550 2360 (sic
1570 2301 1728 2346 Latine

225 2374 377 2425 κῦανος
404 2377 590 2434 dicitur)
626 2377 907 2435 splendorem
942 2377 1078 2420 illum
1110 2377 1403 2435 nigricantem
1427 2377 1721 2419 contraheret.

227 2451 357 2496 Certe
397 2452 479 2495 hoo
517 2466 643 2496 sensu
681 2452 1015 2510 accipiendum,
1062 2452 1136 2494 ubi
1184 2452 1236 2496 Il.
1271 2452 1324 2496 A.
1365 2452 1422 2494 24
1462 2452 1509 2495 in
1544 2451 1726 2495 thorace

224 2527 566 2585 Agamemnonis
602 2535 911 2571 memorantur
955 2516 1069 2584 οἶμοι
1099 2523 1281 2583 μέλανος
1307 2519 1508 2582 κυάνοιο,
1553 2527 1635 2572 Od.
1665 2528 1720 2572 H.

224 2603 279 2644 87
325 2602 371 2645 in
413 2601 661 2660 parietibus
694 2602 870 2646 aedium
909 2601 1085 2647 Alcinoi
1129 2594 1299 2661 θριγκὸς
1339 2595 1527 2647 κυάνοιο.
1575 2599 1732 2655 'Iam-‚-

223 2678 372 2735 quales
405 2679 519 2735 apud
553 2677 796 2722 Homerum
829 2679 877 2722 in
906 2678 1250 2738 Agamemnonis
1279 2679 1458 2722 thorace
1483 2678 1618 2723 fuisse
1645 2678 1718 2723 di-

224 2759 390 2795 cuntur
413 2742 663 2808 ollamtales
682 2753 815 2799 fnisse
828 2754 1038 2798 videntur
1059 2755 1106 2797 in
1124 2754 1324 2798 Herculis
1343 2756 1503 2814 clypeo
1524 2750 1720 2813 πτύχες,
