1748 3224
254 240 315 290 72
837 258 1155 289 counssn'rssuvs

251 376 449 421 versibus
461 375 662 419 258-260
682 375 896 433 leguntur
910 376 1033 433 quasi
1043 376 1099 419 in
1113 367 1371 435 parenthesi
1386 377 1502 420 dicta
1523 376 1746 435 accipian-

250 460 341 505 tur,
362 466 516 496 vereor
534 459 587 493 ut
610 451 791 494 admitti
811 451 964 510 possit.
996 450 1239 495 Offendunt
1254 450 1351 496 VV.
1365 451 1459 496 DD.
1476 452 1526 495 in
1547 467 1612 504 eo,
1628 453 1743 509 quod

250 528 306 570 ab
333 527 433 570 aliis
462 527 608 585 poetis
635 527 870 570 concordes
897 527 1055 570 Parcae
1087 534 1399 570 memorantur
1434 526 1545 583 (vid.
1576 529 1740 586 Virgil.

250 603 344 647 Ecl.
377 602 455 647 IV.
490 599 591 659 47),
626 602 699 644 sed
727 609 844 644 certe
872 602 992 645 illud
1023 618 1114 645 non
1143 601 1259 644 hanc
1287 601 1450 644 habere
1477 596 1574 644 rim
1594 602 1743 656 debet,

249 685 301 720 ut
328 684 562 735 propterea
590 691 768 720 versum
799 678 880 721 261
920 684 965 719 et
989 677 1078 719 duo
1105 683 1331 733 sequentes
1357 691 1461 718 cum
1490 676 1745 722 Hermanno

247 754 282 796 1.
313 767 352 796 ο.
386 767 432 811 p.
466 753 555 796 209
589 766 823 811 perperam
859 753 950 795 huc
974 752 1191 803 intrusos,
1232 766 1334 794 cum
1366 752 1564 805 Rankio',
1599 769 1745 798 versus

247 829 484 873 258—260
526 836 624 886 post
656 844 698 872 v.
732 826 818 872 263
857 829 1134 872 collocandos
1164 834 1423 870 statuamus.
1479 829 1616 872 'Haud
1644 840 1746 876 sane

246 903 508 948 fuit’indoli
536 906 692 962 poetae
717 906 1008 960 conveniens,
1032 902 1082 946 ut
1108 905 1260 947 Parcas
1285 904 1360 947 hic
1384 905 1553 948 adstare
1573 920 1746 965 pugnae

246 981 410 1024 faceret
434 980 556 1023 nihil
577 975 769 1038 agentes}
786 980 937 1038 magis
957 987 1120 1030 autem,
1135 987 1188 1022 ut
1210 979 1373 1022 harum
1389 994 1562 1038 quoque
1582 989 1744 1025 tetram

245 1055 648 1116 nobisimaginem
680 1054 920 1115 effingeret.

303 1223 346 1252 v.
370 1209 470 1252 263.
511 1197 554 1249 ἓν
584 1206 806 1249 Diaconus
839 1205 1028 1264 exponit
1067 1196 1111 1248 ἓν
1143 1200 1321 1260 αὐταῖς,
1363 1207 1481 1264 quod
1523 1207 1574 1250 in
1604 1208 1741 1252 Hein-

242 1283 362 1325 siana
392 1291 437 1326 et
460 1283 685 1341 plerisque
713 1289 861 1340 postea
890 1281 1001 1324 Edd.
1035 1281 1262 1324 redditum
1295 1287 1405 1325 inter
1431 1298 1490 1326 se.
1545 1284 1742 1328 Fortasse

243 1359 335 1401 non
357 1358 484 1416 peius
507 1351 637 1401 Basil.
666 1357 887 1415 interpres
914 1356 1167 1400 reddiderat
1189 1357 1269 1412 ibi,
1301 1357 1333 1401 i.
1357 1372 1394 1401 e.
1421 1358 1471 1400 in
1490 1358 1572 1402 illa
1590 1359 1741 1418 clypei

243 1432 463 1491 imagine:

304 1499 544 1563 Ισῶπιὸτο,
574 1507 888 1569 exaequabant,
929 1508 961 1551 i.
999 1522 1038 1552 e.
1077 1507 1302 1566 unguibus
1346 1516 1390 1551 et
1428 1508 1638 1552 manibus
1681 1525 1739 1553 ex

240 1595 377 1641 aequo
402 1584 678 1642 pugnabant.

288 1750 340 1780 rv.
365 1736 467 1780 264.
509 1729 603 1794 πῗκρ
639 1726 684 1778 δ’
719 1728 902 1795 Ἀχλὺς
934 1726 1123 1787 εἷο-τήκει
1149 1747 1190 1778 κ.
1208 1746 1251 1778 τ.
1276 1728 1346 1795 λ.]
1408 1733 1738 1794 complectitur

235 1811 441 1856 exhibita
480 1812 554 1855 hic
588 1827 775 1871 persona
810 1825 963 1854 omnes
996 1811 1215 1862 miserias,
1247 1826 1353 1868 quas
1387 1811 1560 1854 bellum
1588 1811 1734 1870 parit,

236 1890 436 1940 luctum,
466 1888 741 1940 vastitatem,
773 1885 965 1937 famem,
990 1886 1217 1929 illuviem.
1264 1886 1457 1931 Videtur
1486 1887 1736 1945 antiquitus

235 1965 283 2007 in
316 1979 399 2006 usu
437 1962 571 2007 fuisse
603 1970 840 2021 cognatum
875 1976 979 2005 cum
1008 1953 1163 2021 ’γελάω
1191 1960 1380 2005 verbum
1409 1958 1573 2020 γελόω,
1593 1968 1731 2016 niteo,

232 2039 455 2098 splendeo,
487 2047 618 2098 atque
645 2038 750 2081 inde
778 2032 934 2096 γελῦς.
969 2043 1096 2091 nitor,
1129 2037 1342 2096 splendor,
1361 2045 1405 2080 et
1427 2039 1535 2082 hinc
1561 2037 1731 2083 factum

232 2129 320 2158 esse
362 2106 552 2174 ιἐγελῦς,
577 2120 802 2157 contracte
831 2105 1013 2172 ἀχλύς,
1054 2127 1140 2170 quo
1179 2113 1362 2171 proprie
1406 2114 1733 2172 significaretur

231 2190 427 2234 absentia
456 2189 939 2248 nitorisssplendoris,
965 2188 1092 2232 lucis.
1157 2188 1309 2246 Itaque
1334 2189 1450 2247 apud
1482 2189 1732 2234 Homerum

230 2259 389 2326 ἀχλὺς
420 2265 698 2323 frequentius
727 2264 953 2324 caliginem
984 2271 1130 2316 notat,
1161 2264 1234 2308 sed
1265 2265 1360 2308 sine
1389 2264 1527 2308 dubio
1558 2266 1730 2324 signifi-

227 2357 327 2386 care
357 2342 493 2386 etiam
522 2341 672 2401 potuit
707 2355 975 2392 moerorem,
1012 2340 1273 2394 tristitiam3
1309 2348 1359 2383 ut
1393 2355 1516 2398 saepe
1543 2341 1731 2399 ponitur

227 2409 347 2473 Φῶσ,
378 2417 475 2470 luat,
507 2433 590 2476 pro
621 2417 798 2475 gaudio.
851 2414 986 2461 Conf.
1019 2415 1178 2460 Graev.
1213 2416 1262 2458 in
1294 2415 1431 2458 Lectt.
1467 2415 1641 2460 Hesiod.
1672 2416 1725 2459 ad

230 2493 347 2546 h.1.·‚
383 2491 527 2551 Heyn.
558 2493 608 2536 in
639 2499 743 2536 nota
774 2491 967 2535 subiecta
996 2492 1048 2535 ad
1081 2492 1135 2536 11.
1168 2491 1218 2534 T.
1254 2491 1338 2535 418
1371 2506 1488 2550 seqq.

290 2559 590 2628 ἐπισμυγερή]
649 2568 688 2612 Α
728 2565 892 2627 σμῦγω
939 2583 973 2611 s.
1016 2563 1214 2626 σμῦχω,
1256 2567 1439 2627 proprie
1481 2567 1588 2611 lento
1627 2572 1726 2626 igne

225 2659 443 2698 oonsumo,
473 2645 581 2688 hinc
599 2645 814 2703 musta-io,
844 2645 1015 2686 absumo
1042 2643 1152 2700 (vid.
1178 2643 1430 2689 Hemsterh.
1458 2643 1510 2686 ad
1535 2641 1723 2686 Luciani

225 2720 277 2764 D.
298 2719 356 2765 Μ.
381 2724 407 2763 6
422 2721 577 2778 extr.)‚
603 2720 778 2765 verbale
797 2728 951 2763 ortum
971 2725 1034 2762 est
1065 2712 1296 2778 σμυγερός,
1315 2718 1408 2761 tabe
1430 2719 1500 2762 vel
1522 2731 1723 2761 aerumna

223 2796 466 2857 ,vqnalldus‚·
509 2796 625 2841 unde
663 2796 796 2840 ctiam
838 2795 891 2838 ab
927 2796 1080 2852 Etym.
1122 2794 1181 2839 M.
1220 2810 1263 2853 p.
1298 2794 1408 2849 721,
1440 2795 1493 2838 18
1523 2786 1723 2851 σμυγερὴ
