1748 3224
0 0 45 526 1

2 509 37 755 i

0 600 10 978 wm-

0 2834 7 2879 1

695 205 1004 242 PRAEFATIO.
1498 207 1600 241 XIX

97 333 188 380 est.
253 327 426 378 Otium
465 344 581 377 eum
619 326 920 394 quaesivisse
958 325 1071 392 quis
1118 341 1216 374 non
1256 322 1458 373 laudet?
1524 323 1600 373 De

95 438 221 472 novo
254 419 344 470 illo
377 436 583 470 munere
619 418 740 486 quid
774 418 863 468 alii
896 436 1010 468 vere
1045 416 1414 468 iudicaverint
1400 434 1598 485 ignoro·
1587 455 1600 481 ,

94 531 189 582 ego
231 517 519 580 susceptum
554 511 616 563 ab
652 511 908 578 Lennepio
943 510 1096 561 dolui.
1157 510 1256 560 Sed
1300 510 1342 560 si
1381 527 1444 560 ne
1483 514 1601 560 tunc

94 605 296 674 quidem
340 606 443 656 otio
486 603 780 669 abundavit,
820 621 910 654 1166
954 607 1118 653 totum
1159 621 1235 668 se,
1277 602 1410 670 quod
1450 602 1601 669 depo-

93 717 227 750 scere
251 698 427 749 multis
458 698 593 749 visus
617 702 748 762 erat,
781 696 943 746 literis
968 695 1087 746 dare
1111 695 1301 762 potuit,
1327 699 1406 745 sat
1432 691 1601 745 tamen

91 792 255 843 multa
288 791 491 866 negotia
526 792 580 840 in
615 791 705 841 hac
739 794 935 840 mutata
969 790 1102 840 vitae
1131 788 1325 839 ratione
1353 787 1600 854 deponere

93 884 275 952 potuit,
298 884 654 952 constituitque
678 882 823 934 illam
845 883 1154 934 vacationem
1177 881 1365 932 edendo
1379 880 1602 931 Hesiodo

90 977 396 1046 impendere,
419 995 723 1045 quamquam
747 977 854 1027 61116
877 976 951 1027 rei
975 975 1237 1026 consilium
1260 975 1363 1025 iam
1387 979 1603 1040 ceperat,

28 1063 29 1071 ¹
92 1089 250 1139 quum
275 1071 522 1123 Heroides
558 1070 748 1134 ederet,
775 1069 1086 1138 conferrique
1111 1070 1326 1120 iusserat
1349 1067 1604 1118 Hesiodea

91 1182 205 1215 cum
239 1164 510 1230 codicibus,
565 1183 689 1232 quos
734 1165 785 1213 in
830 1163 1142 1231 praefatione
1177 1162 1490 1230 Theogoniae
1526 1179 1602 1212 re-

92 1257 285 1309 censuit
320 1288 387 1295 —-
431 1262 551 1308 tunc
585 1257 789 1325 quidem
822 1275 917 1324 par
951 1262 1060 1308 erat
1093 1256 1248 1306 arduo
1282 1255 1431 1306 alicui
1466 1255 1605 1321 operi

88 1349 372 1415 efficiendo,
417 1349 650 1417 ideoque,
697 1355 757 1400 ut
799 1355 947 1416 puto,
990 1349 1156 1400 taedio
1199 1353 1457 1415 correptus
1498 1353 1603 1398 tam

81 1440 274 1509 'parum
307 1442 589 1494 fructuosae
626 1442 927 1507 collationis,
972 1460 1099 1509 quae
1141 1441 1290 1509 longe
1331 1440 1603 1491 maximam

22 1547 23 1551 ’
90 1539 289 1602 partem
326 1534 387 1586 de
429 1534 748 1585 librariorum
785 1534 1117 1585 recentiorum
1161 1532 1381 1584 socordia
1424 1534 1601 1584 errori-

90 1626 281 1695 busque
316 1628 552 1678 arcessita
587 1633 742 1693 esset,
778 1632 943 1677 totum
979 1627 1210 1678 editionis
1243 1645 1368 1693 opus
1408 1625 1602 1695 abiecit.

92 1750 158 1756 —
188 1738 318 1771 1111116
351 1739 467 1772 vero
504 1720 713 1771 Hesiodi
750 1721 991 1771 memoria
1022 1721 1318 1785 instaurata,
1348 1738 1602 1787 quumque

12 1873 14 1879 y
91 1830 184 1879 per
234 1812 378 1863 illam
426 1813 716 1863 diuturnam
764 1813 1187 1864 intermissionem
1233 1812 1397 1863 aliena
1442 1812 1604 1863 multa

15 1961 17 1963 ,
91 1906 427 1970 tractavisset,
464 1923 643 1973 eosque
674 1925 803 1957 nunc
832 1906 986 1956 libros
1017 1906 1418 1971 circumspiceret
1448 1923 1504 1955 ac
1532 1904 1602 1954 le-

11 2015 13 2018 ·
91 2003 260 2066 geret,
308 1999 394 2066 qui
429 1999 717 2066 prodierant
751 2000 812 2050 de
851 1999 1064 2050 Hesiodi
1100 1999 1375 2049 carminum
1411 1999 1601 2067 origine

92 2095 145 2141 et
173 2091 490 2160 integritate,
526 2092 805 2143 iactabatur
835 2093 888 2142 in
919 2092 1152 2143 fluctibus
1182 2092 1602 2160 ingeniosissima-

93 2201 206 2233 rum
252 2183 642 2250 divinationum,
694 2190 1055 2252 protervaeque
1095 2184 1351 2235 cuiusdam
1389 2185 1600 2235 novandi

93 2275 354 2342 audaciae,
395 2277 447 2327 in
488 2277 668 2345 quibus
698 2279 995 2328 interiturus
1028 2283 1135 2328 erat
1171 2296 1326 2328 novus
1358 2278 1602 2344 Lennepii

93 2368 262 2434 ardor,
295 2370 394 2420 nisi
429 2370 739 2422 subvenisset
772 2372 888 2422 huic
923 2370 1248 2422 sollicitudini
1283 2371 1395 2437 ipsa
1431 2370 1600 2420 senilis

92 2461 343 2513 iudicandi
376 2463 572 2515 lenitas.
643 2464 987 2515 Persuadebat
1028 2464 1161 2514 enim
1208 2462 1303 2514 sibi
1347 2481 1444 2512 non
1481 2463 1602 2513 adeo

93 2572 329 2623 magnam
358 2557 459 2607 vim
490 2576 596 2607 esse
633 2564 1069 2626 argumentorum,
1105 2575 1231 2624 quae
1263 2556 1324 2606 ab
1360 2556 1463 2605 illis
1488 2574 1602 2622 pro-

93 2653 372 2714 merentur,
401 2649 522 2716 quin
553 2649 746 2717 aliquid
770 2651 955 2717 opponi
980 2655 1148 2716 posset
1174 2649 1237 2698 ad
1257 2648 1598 2699 vindicandam

96 2739 462 2791 Hesiodeorum
498 2741 709 2792 formam
751 2742 990 2793 diuturna
1030 2741 1297 2792 traditione
1332 2741 1598 2808 cognitam.

97 2830 233 2883 Hinc
263 2831 450 2883 factum
478 2839 554 2884 est
582 2840 640 2884 ut
665 2854 776 2886 raro
809 2836 999 2903 aliquid
1029 2835 1132 2885 illis
1162 2835 1477 2898 concesse1·it;
1515 2833 1600 2884 sed
