1748 3224
588 224 626 253 m
663 222 831 254 ansioni
861 223 1039 254 sev-rm.
1499 208 1560 256 19

51 350 156 381 cum
185 336 402 379 Homerus
430 347 604 394 qnoque
633 336 797 394 passim
828 329 893 392 βῆ
910 327 950 379 δ’
968 329 1070 379 ἰέναι
1098 342 1146 379 et
1174 322 1275 393 ὦρτ’
1299 328 1403 378 ἰέναι
1430 336 1559 379 dixe-

0 467 1 472 1
48 411 134 459 trib-
153 426 238 469 pro
279 402 475 468 ὥρμητο,
509 403 774 469 παρεκινῆθη.
847 412 926 456 Est
963 418 1115 454 autem
1153 402 1251 469 ὦρτ’
1288 403 1389 454 ἰέναι
1419 411 1560 470 magis

0 509 1 512 ¹
37 485 269 544 ’Odysseae
298 501 431 544 quam
464 486 631 531 Iliadis.
667 532 669 534 ,

51 592 61 615 Ι

108 652 152 680 v.
177 637 246 680 42.
281 631 336 684 ὡς
363 629 400 680 δ’
429 630 492 681 ὅτ’
519 629 617 694 ἀνὴρ
641 650 683 678 κ.
712 650 755 678 τ.
781 639 826 678 λ.
870 637 1003 680 Recte
1017 636 1324 680 Heinrichius:
1351 635 1557 680 »Suavis-

47 711 210 755 simam
240 712 640 770 comparationem,
671 712 745 755 sed
775 713 1047 770 ingeniosius
1069 726 1323 770 expressam
1350 712 1559 756 adhibuit

49 787 219 831 Auctor
240 786 464 845 Odysseae
490 788 542 831 E.
562 789 699 832 394.”
747 787 899 830 Minus
923 787 1145 830 adsentior
1174 786 1372 843 Clerico,
1396 788 1558 831 Home-

48 862 141 907 rica
170 863 251 907 illa
280 863 512 906 imitatum
539 878 626 906 esse
648 861 886 907 Hesiodum
913 861 1174 913 affirmanti,
1197 863 1402 920 quamvis
1419 863 1556 906 etiam

47 937 248 984 Wolfius
288 937 344 980 ab
379 936 503 982 scuti
530 938 724 982 Auctore
757 938 821 982 ita
854 937 1117 981 adumbrata
1144 938 1250 980 haec
1277 954 1335 981 ex
1363 938 1555 982 Homero

46 1013 238 1067 dixerit,
279 1021 330 1055 ut
367 1013 488 1057 nihil
526 1021 699 1072 praeter
739 1014 944 1057 umbram
982 1023 1128 1058 restet.
1187 1015 1315 1058 Vnde
1349 1016 1472 1058 enim
1501 1016 1555 1057 de

45 1088 303 1133 imitatione
332 1091 404 1133 vel
433 1089 775 1134 adumbratione
802 1090 905 1133 satis
924 1090 1123 1132 constat?
1166 1090 1386 1147 Equidem
1417 1104 1556 1147 neque

46 1163 229 1209 eandem
260 1179 442 1222 prorsus
471 1180 557 1207 esse
586 1165 711 1207 video
742 1165 1088 1223 comparationis
1113 1165 1248 1208 huius
1275 1173 1405 1223 atque
1428 1165 1556 1208 illius

45 1239 267 1286 rationem
294 1247 339 1284 et
361 1255 449 1284 esse
477 1242 526 1283 in
555 1239 789 1283 Homerica
814 1239 1020 1283 cultioris
1048 1240 1136 1282 iam
1160 1240 1270 1283 artis
1291 1240 1526 1284 indicium.

105 1306 170 1358 ὅτ’
197 1306 297 1372 ἀνὴρ
328 1335 392 1346 --
423 1311 761 1373 ὑπεκπροφύγοι
788 1316 935 1373 ,carpit
959 1314 1161 1361 Wolfius
1186 1323 1238 1357 ut
1268 1315 1420 1357 minus
1439 1323 1557 1357 recte

16 1399 19 1445 J
45 1388 218 1432 dictum
248 1405 330 1449 pro
362 1382 483 1433 ὅταν.
552 1389 636 1435 Sed
677 1382 751 1433 ὅτε
787 1405 890 1432 oum
923 1390 1126 1447 optativo
1155 1390 1217 1432 sic
1248 1390 1456 1432 iunctum
1489 1389 1556 1432 vi-

45 1465 145 1510 deas
183 1467 300 1523 apud
331 1466 597 1518 Homerum,
643 1481 714 1509 ex.
745 1479 810 1523 gr.
849 1466 903 1509 Il.
931 1459 994 1510 Α.
1012 1465 1122 1518 610,
1154 1465 1208 1508 Δ.
1239 1466 1352 1516 263,
1384 1465 1437 1509 K.
1476 1466 1555 1516 143

46 1557 151 1588 cum
181 1542 471 1585 subiunctivo
502 1543 558 1586 Il.
592 1543 640 1588 Β.
675 1534 784 1594 Y82,
815 1543 866 1586 Ε.
898 1544 976 1594 915
1012 1543 1112 1586 597.

108 1709 151 1738 v.
175 1693 246 1736 44.
291 1685 648 1752 ἐκτολυπεύσας]
721 1692 978 1750 Composito
1006 1693 1090 1735 hoc
1119 1708 1209 1735 non
1242 1707 1343 1733 usus
1371 1698 1432 1734 est
1467 1691 1553 1733 Ho-

8 1773 14 1823 s
48 1783 218 1820 merus,
255 1769 326 1812 sed
361 1776 505 1812 exstat
534 1770 732 1828 simplex
769 1768 956 1811 verbum
987 1769 1102 1826 apud
1133 1763 1253 1810 eum¹
1273 1767 1328 1810 11.
1364 1767 1422 1808 Ω.
1455 1769 1478 1808 7
1512 1773 1555 1807 et

8 1838 9 1841 Ἴ
47 1843 280 1901 aliquoties
314 1844 364 1888 in
402 1843 608 1903 Odyssea.
672 1845 741 1889 Ad
785 1840 1034 1886 τολύπευσε
1074 1842 1223 1888 Schol.
1257 1842 1370 1886 Veu.
1401 1842 1448 1884 Β.
1491 1841 1552 1884 Μ.

29 1919 156 1964 .11.1.
180 1933 237 1964 c.:
285 1912 343 1966 εἶς
386 1918 513 1966 τέλος
555 1913 739 1979 ἤγαγεν·
785 1912 876 1963 ἀπὸ
922 1913 1009 1961 τῶν
1041 1909 1166 1975 ἐρίων·
1206 1914 1378 1968 τολῦπη
1407 1909 1498 1974 γὰρ
1531 1909 1554 1967 ἡ

49 1991 221 2052 σφαῖραι
247 1987 333 2037 τῶν
362 1987 489 2053 ἐρίων.

107 2163 151 2191 v.
176 2149 246 2192 46.
285 2144 529 2206 παννύχιος
570 2145 618 2191 h.
651 2161 688 2189 e.
729 2160 786 2189 ex
816 2162 904 2203 quo
936 2145 1082 2196 venit,
1121 2158 1300 2187 omnem
1333 2142 1550 2198 reliquam

49 2231 240 2268 noctem.
293 2223 446 2280 Itaque
483 2237 542 2267 ex
583 2229 734 2264 mente
768 2223 924 2280 poetae
961 2227 1258 2264 anteverterat
1296 2233 1400 2262 eum
1437 2218 1553 2275 apud

49 2299 311 2345 Alcmenam
343 2298 530 2357 Iupiter.
595 2295 725 2342 Conf.
756 2311 890 2354 supra
923 2309 996 2340 vv.
1028 2297 1106 2346 35,
1140 2295 1212 2337 37.

10 2497 15 2501 ,
108 2467 152 2495 v.
177 2452 248 2494 50.
296 2440 432 2493 οὐκέθ’
460 2441 552 2505 ὁμὰ
575 2438 844 2506 φρονέοντε]
914 2445 1043 2498 Fuit,
1084 2460 1188 2489 cum
1225 2443 1551 2487 emendandum

0 2539 4 2567 1
48 2533 251 2584 putarem
296 2520 342 2569 οὐ
378 2517 478 2568 καθ’
518 2518 610 2579 6μᾶ
635 2519 884 2580 φρονέοντες
925 2521 997 2564 sed
1038 2521 1127 2565 iam
1163 2520 1283 2563 nihil
1321 2534 1432 2576 opus
1468 2532 1554 2561 esse

0 2603 11 2656 j
49 2601 357 2644 emendatione
379 2600 600 2658 intellige.
634 2598 791 2643 Sensus
809 2605 890 2641 est:
925 2598 1066 2640 Erant
1085 2595 1266 2652 quidem
1287 2594 1489 2652 germani
1511 2601 1554 2635 et

49 2677 219 2735 gemini
239 2674 421 2727 fratres,
446 2676 517 2719 sed
544 2691 635 2719 non
658 2675 816 2725 etiam,
848 2681 897 2714 ut
921 2674 1049 2724 tales,
1075 2672 1225 2715 eadem
1254 2678 1402 2713 mente
1428 2683 1554 2728 prae-

48 2752 150 2795 diti.
201 2750 325 2794 Infra
354 2767 394 2794 v.
423 2751 479 2795 88
502 2751 716 2793 dicuntur
748 2744 849 2790 οὕτε
870 2742 982 2804 Φυῆν
1003 2736 1263 2805 ἐναλίγκιοι.
1279 2740 1379 2787 οὔτε
1401 2740 1550 2799 νόημα.

1303 2824 1328 2863 2
1346 2826 1369 2850 ἶ
