1748 3224
579 265 621 294 1Ν
654 264 819 295 1113510111
849 264 1027 295 scv‘rvu.
1459 247 1546 294 101

111 393 153 423 v.
176 380 276 422 395.
320 368 405 437 ᾧτε
434 372 562 426 πόσις
589 375 665 422 καὶ
687 373 848 437 βρῶσις
875 372 1001 432 θῆλυς
1020 371 1168 439 ἐέρση]
1227 378 1550 436 Antiquissima

50 454 156 498 haec
184 462 387 498 veterum
415 456 571 514 opinio
600 455 711 508 fuit,
745 457 949 514 primum
979 472 1002 499 a
1034 458 1164 515 poeta
1194 463 1347 504 nostro
1376 454 1550 513 prodita

48 529 132 573 hoc
157 531 278 583 loco,
309 532 478 574 cicadas
503 547 604 574 rore
630 533 762 584 vesci,
789 547 902 590 quae
926 532 1084 591 opinio
1108 533 1216 583 hinc
1237 531 1390 583 fluxit,
1415 530 1550 588 quod,

45 621 149 649 cum
189 607 401 650 excitatae
433 607 692 659 subvolant,
727 608 966 651 humorem
995 608 1228 653 emittunt.
1287 607 1402 652 Vide
1431 606 1551 649 Plin.

46 681 100 725 H.
116 681 261 728 N.x1.
279 683 349 736 26,
374 698 570 742 quaeque
595 670 786 726 notavit‘
803 683 943 727 Cerda
970 683 1024 726 ad
1054 683 1160 725 haec
1182 682 1370 741 Virgilii
1385 680 1550 727 Ecl.V.

46 758 126 800 77:
173 758 362 817 Dumque
404 759 558 814 thymo,
583 767 818 816 pascentur
859 774 982 816 apes,
1027 758 1125 800 dum
1157 774 1252 800 rore
1283 758 1477 810 cicadae,
1509 764 1557 799 et

46 832 209 877 Iacobs.
242 834 295 876 ad
323 834 535 892 Meleagri
561 835 643 893 Ep.
674 831 786 879 CXI.
837 835 916 878 Est
937 841 1088 877 autem
1132 822 1261 884 θῆλυς
1296 834 1342 877 11.
1382 835 1414 876 l.
1455 833 1549 883 vel,

0 946 3 950 .
43 915 95 950 ut
141 908 389 967 Hesychius
420 910 768 968 interpretatur,
803 903 932 963 ἡτὶι
974 903 1108 966 Φυτῖκ
1148 901 1324 953 θάλλειν
1362 907 1555 951 ποιοῦσαι

42 975 246 1041 θρεπτική
278 983 411 1043 (conf.
446 985 605 1030 Graev.
640 986 693 1030 ad
725 986 773 1030 h.
793 984 871 1044 1.),
900 986 992 1037 vel,
1027 993 1078 1028 ut
1108 985 1330 1029 Diaconus
1359 984 1551 1035 censuit,

43 1052 67 1112 ἦ
100 1051 283 1115 ἀπειλή,
328 1068 380 1103 ut
426 1052 574 1119 δρόσος
621 1058 790 1105 dicitur
831 1061 1053 1119 Meleagro
1097 1061 1162 1103 Id.
1204 1061 1256 1104 in
1290 1060 1385 1104 Ver
1422 1076 1465 1106 v.
1507 1062 1549 1103 5.

43 1135 195 1178 Exstat
234 1136 403 1180 locutio
445 1137 581 1180 etiam
620 1138 739 1196 apud
778 1137 911 1181 Hom.
956 1136 1041 1180 Od.
1080 1138 1131 1180 E.
1172 1138 1283 1190 467,
1325 1137 1380 1179 ad
1418 1149 1551 1194 quem

41 1208 192 1255 Schol.
227 1212 276 1255 B.
303 1211 366 1270 Q:
406 1206 442 1255 εἶ
475 1207 552 1256 καὶ
586 1205 822 1272 ἀρσενικῶς
854 1207 1039 1272 λέγεται
1075 1206 1096 1254 ὁ
1131 1203 1278 1264 θῆλυς,
1315 1204 1422 1254 ἀλλ’
1452 1206 1552 1270 ἔχει

40 1280 94 1330 τὸ
128 1284 438 1345 σημαινόμενον
473 1282 593 1342 θῆλυ.
658 1287 789 1332 Conf.
811 1289 1016 1333 Eustath.
1040 1287 1091 1330 ad
1111 1287 1194 1331 Od.
1219 1287 1262 1331 d.
1287 1287 1318 1330 l.
1352 1302 1398 1345 p.
1423 1287 1550 1338 1546,

43 1363 120 1416 473
154 1363 407 1407 Athenaeus
437 1364 493 1410 V.
527 1380 572 1423 p.
610 1366 693 1408 189
724 1365 778 1408 D.

103 1531 145 1560 v.
167 1517 270 1560 396.
314 1509 567 1574 πανημέριός
602 1527 653 1558 τε
686 1510 762 1558 καὶ
795 1507 902 1573 ἠῷος
928 1510 1028 1576 χέει
1054 1506 1211 1573 αὐδήν]
1273 1514 1551 1558 Matutinum

40 1591 294 1635 cicadarum
325 1599 508 1634 cantum
542 1600 763 1635 memorat
799 1591 934 1634 etiam
971 1591 1247 1649 Calpurnius
1278 1592 1372 1634 Ecl.
1395 1591 1451 1635 V.
1473 1593 1551 1641 553

39 1667 112 1710 scd
144 1667 345 1710 maxime
376 1667 592 1709 dicuntur
622 1666 812 1710 meridie
841 1681 1011 1709 canere.
1057 1665 1160 1710 vid.
1186 1664 1326 1709 Cerda
1350 1667 1402 1708 ad
1425 1666 1551 1724 Virg.

41 1743 135 1787 Eel.
172 1743 227 1788 11.
264 1745 332 1787 13.

98 1818 161 1863 Vt
204 1818 278 1861 hic
308 1813 410 1878 χέει
445 1809 596 1873 αὐδήν,
634 1819 696 1861 ita
736 1825 800 1861 est
841 1813 943 1878 χέει
977 1811 1116 1874 φωνὴν
1146 1818 1264 1876 apud
1297 1818 1427 1862 Hom.
1461 1817 1545 1861 Od.

40 1895 91 1937 T.
127 1895 228 1938 521.

100 2061 142 2090 v.
173 2049 257 2091 397
289 2046 399 2090 citat
430 2047 678 2104 integrum,
715 2054 763 2088 ut
795 2045 998 2097 Hesiodi,
1032 2046 1187 2103 Etym.
1214 2044 1275 2089 M.
1300 2061 1342 2104 p.
1369 2046 1468 2098 465,
1492 2049 1548 2090 38

38 2135 151 2180 seq.;
171 2122 373 2180 priorem
406 2137 556 2166 versus
586 2130 758 2179 partem
794 2122 889 2165 sine
919 2123 1074 2179 po'elae
1107 2122 1290 2164 nomine
1321 2121 1471 2166 Schol.
1495 2107 1558 2165 ad*

39 2197 124 2242 Od.
159 2197 210 2241 T.
242 2198 329 2242 204
361 2205 404 2241 et
435 2197 640 2242 Eustath.
674 2198 725 2240 ad
749 2197 834 2242 od.
858 2199 1059 2256 p.1505‚
1084 2198 1153 2241 12.
1208 2198 1375 2240 Locum
1397 2206 1546 2241 autem

38 2274 161 2316 hunc
191 2274 375 2332 respicit
406 2272 580 2325 Suidas,
617 2272 715 2325 ubi,
748 2265 834 2315 ’ἴδει
865 2289 1092 2331 exponens
1128 2266 1189 2331 τῷ
1224 2265 1384 2331 ἱδρῶτι,
1401 2275 1547 2320 addit:

39 2343 114 2391 καὶ
156 2340 294 2392 εὐθεῖα
336 2343 387 2393 τὸ
422 2340 518 2395 ’ίᾶος
559 2342 634 2391 καὶ
674 2341 865 2408 (δοτικὴ)
896 2341 996 2392 ’ίὸει-
1034 2345 1229 2405 σημαίνει
1263 2341 1311 2393 δὲ
1345 2344 1399 2393 τδ
1434 2342 1549 2408 θέρος

38 2420 144 2483 παρ’
178 2416 384 2484 Ἡσιόδῳ.
434 2425 628 2483 Cognata
660 2433 764 2468 sunt
788 2416 894 2478 ἰ’ὃω,
931 2416 1054 2479 ἴδας,
1075 2417 1199 2483 ὕδωρ,
1230 2425 1380 2477 sudor,
1412 2419 1544 2483 ἱδρώς.

38 2501 191 2558 Itaque
214 2492 336 2554 ἰ’δος,
366 2509 418 2543 ut
448 2508 565 2544 recte
596 2499 774 2552 Suidas‚
807 2501 992 2559 proprie
1021 2502 1226 2544 sudorem
1257 2509 1403 2553 notat,
1441 2503 1546 2546 hinc

37 2583 222 2628 aestum,
252 2584 475 2619 aestatem.
509 2576 577 2620 Ab
591 2567 691 2623 ’ίὸος
722 2584 785 2618 est
818 2565 1177 2636 ἶὸοὲλιμος,”Εργ.
1213 2593 1254 2621 v.
1283 2578 1381 2622 415.
1428 2578 1543 2622 Neu-

38 2660 163 2694 trum
194 2652 462 2695 vocabulum
494 2653 611 2710 apud
644 2652 891 2695 Homerum
922 2661 1081 2696 exstat.

103 2720 235 2770 ὁπὸτε
269 2721 390 2787 χρόαι
421 2722 578 2784 Σείριος
612 2721 726 2785 ἄζει]
791 2727 1015 2772 Similiter
1040 2717 1167 2787 Ἕργ.
1205 2731 1308 2773 587:
1350 2721 1445 2773 ἐπεὶ
1472 2743 1541 2772 κε-

35 2797 183 2859 φαλήν
215 2816 265 2845 τε
300 2798 374 2846 καὶ
406 2801 606 2861 γούνατος
637 2799 796 2862 Σείριος
834 2798 945 2860 ἄξει.
