1748 3224
240 223 307 271 60
827 239 1146 271 conum-Anxvs

240 353 412 405 ficatio,
446 368 556 411 quae
586 360 679 395 tam
713 353 762 395 in
790 354 948 410 pisces,
987 369 1135 411 quam·
1155 354 1205 397 in
1238 354 1452 398 hinnulos
1480 354 1731 398 conveniat.

240 427 334 471 Iam
357 443 414 471 ex
439 427 665 480 omnibus,
689 428 850 487 quibus
881 422 1006 472 ἕλλον
1034 430 1222 487 exponit
1244 428 1510 487 Hesychius,
1532 430 1735 473 maxime

237 503 517 562 probandum
557 503 677 545 mihi
720 488 899 546 videthr
943 502 1102 564 ταχύ,
1134 520 1238 547 cum
1272 504 1331 546 sit
1359 500 1485 552 ἐ’λλος
1525 506 1579 548 ab
1612 499 1732 559 ἕλω,

238 594 402 630 moveo,
434 584 573 636 agito,
601 579 720 621 unde
748 569 889 634 ἐλάω,
925 574 1120 637 ἔλαφος,
1149 567 1354 638 ἐλαφρός.
1417 579 1565 623 Motus
1582 589 1731 624 autem

235 654 435 697 celeritas
463 662 554 696 tam
587 662 650 697 est
678 655 892 712 piscibus,
922 672 1057 714 quam
1085 657 1292 699 hinnulis
1314 655 1512 714 propria.
1561 655 1732 699 Placuit

237 737 384 771 tamen
420 737 617 773 veterum
650 730 899 789 plerisque,
931 747 1019 775 esse
1049 726 1241 778 ἔλλοπας
1269 731 1405 788 pisces
1439 729 1580 773 dictos
1600 725 1731 788 “raph

236 798 289 846 τὸ
317 795 528 846 ἐλλείπειν
557 798 631 858 τὴν
659 799 763 848 ὅποι.
824 805 928 850 Vid.
955 806 1145 864 Hesych.
1174 808 1224 848 in
1256 802 1466 859 ἔλλοπες,
1497 801 1730 863 Etym.M.

234 895 280 938 p.
311 881 421 932 331,
454 883 506 924 51
538 881 691 940 ibique
718 882 882 934 Sturz„
914 882 1030 927 Gud.
1059 898 1104 940 p.
1136 885 1242 934 183,
1281 885 1335 927 18
1353 897 1441 940 seq.
1453 914 1465 934 ‚
1495 880 1644 925 Schol.
1676 880 1731 924 ad

234 956 421 999 Theocr.
454 955 490 999 Ι.
529 956 598 998 42.
666 957 816 999 Latini
850 971 1022 1014 quoque
1052 958 1159 1000 hinc
1188 957 1370 1000 fortasse
1398 957 1534 1014 pisces
1562 956 1732 999 eximie

233 1041 367 1074 mutos
395 1030 569 1087 dixere,
606 1046 877 1089 quamquam
918 1033 965 1075 id
990 1033 1044 1075 de
1070 1033 1277 1076 omnibus
1303 1047 1461 1076 verum
1488 1047 1575 1074 esse
1600 1039 1731 1090 negat

233 1107 397 1151 Athen.
427 1108 526 1152 VII.
554 1123 599 1166 p.
627 1110 738 1159 308,
768 1122 901 1164 quem
927 1109 1128 1166 sequitur
1157 1109 1362 1154 Eustath.
1392 1109 1445 1151 ad
1475 1108 1606 1152 Hom.
1643 1107 1729 1151 Od.

232 1198 277 1241 p.
309 1185 446 1235 1720,
475 1185 547 1228 34.
599 1185 658 1228 Et
686 1185 837 1241 inepta
861 1193 978 1228 certe
1005 1193 1069 1228 est
1097 1185 1382 1243 etymologia.
1444 1184 1551 1227 Fuit
1579 1191 1729 1226 autem

232 1256 406 1311 fraudi,
449 1259 565 1316 quod
598 1259 804 1302 vocabuli
839 1259 1016 1302 exitum
1057 1275 1209 1302 omnes
1251 1260 1302 1302 ad
1349 1254 1423 1313 τὴν
1449 1254 1554 1312 ὅποι,
1573 1274 1726 1309 vocem,

230 1334 503 1385 retulerunt,
542 1335 624 1391 qui
659 1335 808 1392 potius
838 1334 1095 1377 referendus
1133 1334 1187 1377 ad
1228 1340 1357 1376 visum
1391 1333 1556 1385 fuerat,
1598 1341 1649 1375 ut
1678 1332 1729 1375 in

229 1400 419 1463 αἴθοπα,
450 1401 630 1466 νώροπα.
692 1410 786 1454 Vix
837 1409 959 1452 enim
1008 1409 1188 1460 dubito,
1235 1410 1346 1467 quin
1392 1403 1575 1455 ’ἔλλοπες
1617 1408 1729 1450 dicti

230 1483 423 1537 fuerint,
448 1499 641 1542 quorum
661 1485 862 1528 celeritas
886 1486 936 1527 in
955 1485 1105 1527 oculos
1125 1485 1395 1537 incurreret,
1420 1486 1492 1528 vel
1514 1485 1593 1542 qui
1615 1484 1728 1526 cele·

228 1560 340 1603 riter
363 1576 388 1604 e
409 1561 508 1604 visu
533 1576 577 1603 se
600 1562 906 1618 proriperent,
937 1560 1054 1617 quod
1083 1560 1138 1602 de
1163 1559 1356 1618 piscibus
1380 1560 1548 1603 eximie
1570 1573 1725 1602 verum

226 1642 306 1680 est.
358 1635 496 1693 ..Apud
539 1635 786 1679 Homerum
832 1651 924 1678 non
966 1635 1199 1678 invenitur
1238 1635 1324 1678 hoc
1351 1635 1641 1686 vocabulum,
1663 1639 1729 1676 -ut

229 1725 367 1768 neque
396 1705 524 1758 ἔλλος
553 1712 607 1755 de
637 1713 767 1771 pisce.

284 1877 330 1906 v.
352 1863 451 1906 213.
494 1855 632 1921 αὐτὰρ
668 1854 741 1905 ἐπ’
771 1856 929 1908 ἀκταῖς
957 1875 1058 1906 κατ’.
1081 1858 1143 1920 λ.]
1209 1862 1526 1906 Suavissimam
1565 1860 1726 1904 descri-

227 1937 426 1995 ptionem
453 1938 676 1996 eleganter
703 1938 907 1981 imitatus
933 1946 996 1981 est
1022 1938 1287 1981 Theocritus
1313 1937 1347 1981 I.
1376 1939 1433 1980 39
1459 1951 1572 1994 seqq.
1601 1927 1604 1931 ’

286 2105 327 2134 v.
348 2090 449 2133 214.
508 2081 787 2145 δεδοκημένος
832 2089 914 2131 hac
952 2089 1199 2132 observandi
1229 2088 1552 2147 significatione
1579 2096 1723 2132 exstat

224 2164 359 2207 etiam
387 2163 440 2208 ΙΙ.
473 2163 527 2209 Ο.
563 2167 663 2209 730.
727 2163 859 2208 Conf.
890 2164 1099 2223 Apollon.
1131 2165 1238 2207 Lex.
1269 2164 1317 2207 in
1347 2179 1388 2208 v.

283 2329 327 2359 v.
350 2316 451 2360 215.
493 2307 670 2376 ἰχθύσιν
693 2305 1059 2373 ἀμφίβληστρον]
1112 2314 1309 2358 Piscibus
1336 2314 1561 2373 capiendis
1582 2314 1720 2358 desti-

224 2397 381 2434 natum
410 2398 503 2434 rete
532 2391 595 2434 ita
632 2390 795 2435 Graece
822 2391 1014 2443 dictum,
1056 2391 1172 2448 quod
1218 2390 1334 2434 iactu
1368 2390 1551 2433 missum
1587 2389 1721 2447 pisces

222 2465 329 2509 orbe
347 2480 426 2508 suo
445 2474 594 2524 captos
617 2466 832 2517 includit,
858 2466 976 2509 unde
1006 2457 1346 2525 ἀμφιβλήστρῳ
1397 2456 1720 2523 περιβάλλεται

224 2540 463 2586 Menander
491 2541 669 2586 dixerat
697 2543 744 2585 in
776 2540 927 2586 fabula
955 2541 1191 2593 piscatore,
1220 2549 1327 2585 teste
1354 2542 1532 2585 Polluce
1555 2541 1608 2584 X.
1644 2542 1725 2587 82.,

223 2615 452 2660 Pei-tinent
467 2616 554 2660 huc
567 2617 701 2660 etiam
720 2617 799 2661 illa
815 2615 1014 2675 Oppiani
1029 2615 1127 2661 Hal.
1141 2617 1217 2660 IV.
1235 2618 1316 2660 148
1331 2629 1432 2675 seq.:
1466 2611 1568 2659 οὕτε
1590 2610 1718 2659 λίνοιο

222 2682 496 2747 ἄμφιβολᾶς
540 2684 732 2750 ἑφέηκαν
783 2685 1007 2735 ἁλία-πνοι
1057 2683 1333 2750 ἀγρευτῆρεο.
1400 2690 1528 2749 Quod
1570 2698 1713 2735 autem

223 2765 375 2810 Graeci
408 2758 777 2824 ἀμφίβληστρον,
812 2768 892 2811 hoc
925 2766 1075 2810 Latini
1109 2776 1193 2809 reto
1222 2767 1399 2809 iaculum
1437 2769 1502 2810 vel
1537 2774 1579 2810 et
1609 2766 1714 2809 sim-
