1748 3224
198 219 264 268 88
766 251 770 253 Α
788 237 1108 268 conmemumvs

262 366 303 394 v.
328 351 431 393 318.
474 340 622 404 θαῦμα
656 340 755 391 ἰδεῖν
799 344 875 391 καὶ
919 345 1014 402 Ζηνὶ
1058 344 1277 409 βαρυκτι]
1351 353 1448 395 Non
1494 353 1547 395 ad
1591 353 1704 395 solos

198 425 486 470 referendum
510 432 574 467 est
603 424 860 482 pisciculos,
892 427 963 468 sed
992 427 1045 470 ad
1074 442 1256 470 omnem
1285 428 1560 485 superiorem
1591 428 1703 473 ima-

197 503 372 561 ginem,
413 501 451 543 si
493 516 580 543 non
620 501 671 543 ad
707 502 860 544 omnia
898 502 946 544 in
978 503 1136 561 clypeo
1172 503 1395 561 insculpta
1441 511 1517 545 aut
1554 502 1706 560 aliquo

198 577 330 620 modo
360 591 579 635 expressa.

256 743 300 771 v.
324 728 426 772 321.
469 720 544 771 ἐπὶ
578 720 621 771 δ’
645 721 823 772 ἱππείου
861 722 950 787 θόρε
981 721 1154 788 δίφρου]
1209 730 1385 774 Fictum
1409 731 1469 782 id,
1490 730 1554 773 ait
1575 729 1706 775 Wol-

195 803 303 855 fius,
336 813 489 847 contra
515 805 761 863 Epicorum
787 806 995 848 omnium
1020 821 1152 849 usum
1180 815 1223 849 et
1249 807 1486 849 rationem.
1529 804 1633 857 Sed,
1656 805 1706 847 ni

195 878 356 932 fallor,
397 888 516 923 recte
558 880 749 939 fingitur
792 882 841 924 in
885 896 1071 924 currum
1114 882 1319 925 insiliens
1358 882 1589 932 Hercules,
1620 894 1708 937 quo

194 955 382 999 celerius
424 954 606 999 obviam
646 955 801 1014 Cycno
841 958 1063 1015 procedat.
1132 957 1282 1015 Neque
1322 957 1445 1000 enim
1487 956 1579 999 iam
1609 965 1708 998 tum

195 1029 305 1074 facti
343 1042 468 1075 erant
506 1031 590 1074 sibi
628 1032 678 1074 in
710 1032 967 1090 propinquo
1007 1032 1212 1085 obviam,
1248 1033 1322 1075 sed
1362 1032 1554 1090 contigit
1590 1031 1708 1075 illud

194 1107 428 1165 aliquanto
465 1114 566 1165 post
602 1107 799 1150 demum.
861 1108 977 1152 Vide
1011 1106 1132 1151 infra
1165 1124 1210 1151 v.
1240 1109 1328 1152 345
1359 1123 1475 1166 seqq.
1515 1114 1559 1150 et
1585 1106 1715 1150 confi«

194 1196 325 1240 supra
358 1197 401 1225 v.
435 1182 535 1227 125.

252 1349 298 1377 v.
323 1333 423 1377 322.
467 1325 630 1381 ἐίκελος
665 1327 893 1393 ἀστεροπῇ
923 1349 962 1379 κ.
991 1349 1034 1378 τ.
1062 1336 1124 1394 λ.]
1190 1335 1290 1393 Quo
1321 1335 1509 1378 celerior
1539 1333 1708 1376 Hercu-

192 1409 250 1452 lis
290 1410 340 1453 in
378 1424 566 1452 currum
604 1410 846 1454 insilientis
887 1419 1038 1454 motus
1073 1419 1189 1464 erat,
1234 1426 1285 1454 eo
1322 1410 1541 1452 maiorem
1582 1424 1707 1452 arma
1746 1394 1748 1397 ξ

192 1486 287 1529 eius
314 1485 596 1543 splendorem
628 1485 830 1529 edebant.
892 1486 1046 1544 Itaque
1084 1486 1259 1545 fulguri
1290 1485 1455 1534 similis
1483 1492 1578 1528 erat
1605 1492 1707 1527 tum

191 1562 453 1620 splendore,
486 1569 586 1604 tum
617 1562 860 1605 celeritate.
921 1562 994 1606 Sic
1025 1563 1144 1621 apud
1178 1561 1345 1620 Virgil.
1379 1562 1488 1605 Aen.
1518 1560 1595 1603 IX.
1621 1561 1703 1603 441

191 1641 305 1679 ensis
334 1637 780 1696 dicitu1·ficlmineus,
808 1638 886 1695 qui
909 1638 1116 1682 celeriter
1137 1645 1308 1681 rotatus
1331 1637 1467 1681 etiam
1492 1634 1706 1695 fulgebat.

252 1805 293 1832 v.
317 1789 418 1833 325.
465 1784 732 1850 ἀγχίμολον
765 1782 818 1834 δέ
847 1786 936 1847 σφ’
972 1778 1072 1845 ἦλθε
1097 1804 1140 1833 κ.
1165 1803 1208 1833 τ.
1233 1789 1298 1848 λ.]
1364 1789 1503 1834 Venit
1528 1789 1602 1832 hic
1619 1789 1707 1832 Mi-

191 1880 328 1909 nerva
347 1865 622 1909 auxiliatum
639 1867 964 1920 Herculi,sicut
981 1867 1084 1910 aliis
1104 1867 1240 1910 etiam
1263 1868 1311 1910 in
1329 1865 1559 1910 laboribus
1574 1880 1703 1924 opem

192 1941 231 1983 ei
265 1942 446 1987 tulerat.
506 1941 640 1987 conf.
666 1942 798 1987 Hom.
831 1943 885 1987 ΙΙ.
920 1943 977 1987 Θ.
1011 1944 1098 1987 362
1138 1957 1278 2000 seqq„
1322 1940 1442 2000 apud
1477 1954 1611 1998 quem
1639 1940 1706 1982 si-

191 2016 367 2060 militer
395 2017 450 2063 Il.
469 2016 521 2060 Φ.
542 2019 643 2070 290,
663 2019 882 2078 probante
903 2019 1237 2071 Iove,Minerva
1257 2018 1483 2063 Achillem
1508 2016 1704 2060 adiuvat.

251 2183 292 2213 v.
327 2170 428 2213 327.
479 2164 686 2228 Χαίρετε,
718 2165 929 2230 Λυγκῆος
947 2165 1073 2230 γενεὴ
1096 2169 1293 2227 ennena]
1370 2169 1483 2212 Tam
1529 2168 1703 2212 Iolaum

188 2260 324 2302 quani
352 2244 591 2289 Herculem
616 2247 866 2303 alloquitur
884 2246 1103 2291 Minerva.
1153 2244 1351 2290 Ducebat
1373 2244 1495 2287 enim
1520 2251 1705 2302 uterque

189 2335 326 2377 genus
363 2320 418 2364 ab
465 2322 659 2380 Lynceo.
726 2321 907 2381 Quippe
953 2322 1158 2380 Lynceus
1199 2328 1323 2379 pater
1362 2318 1452 2362 fuit
1492 2319 1700 2371 Abantis,

190 2396 304 2440 Abas
334 2396 521 2450 Acrisii,
562 2397 762 2443 Acrisius
794 2399 986 2450 Danaes,
1032 2398 1182 2442 Danae:
1220 2404 1364 2440 mater
1398 2395 1562 2448 Persei,
1596 2395 1702 2439 Per·-

188 2488 283 2516 seus
323 2480 452 2532 patei·
491 2474 777 2533 Electryonis
813 2482 857 2518 et
891 2474 1067 2525 Alcaei,
1109 2474 1320 2531 Electryo
1351 2472 1611 2524 Alcmenae,
1645 2485 1703 2514 ex

187 2562 271 2603 qua
317 2555 446 2591 natus
497 2547 732 2601 Herculem
782 2549 967 2593 Alcaeus
1025 2556 1152 2607 pater
1193 2547 1571 2606 Amphitryonis,
1627 2547 1703 2590 hic

188 2630 338 2666 autem
368 2623 561 2682 Iphicli,
600 2625 726 2668 cuius
757 2624 880 2668 filius
909 2624 998 2668 suit
1029 2625 1193 2669 Iolaus.
1258 2624 1362 2668 Vid.
1400 2623 1608 2682 Apollod.
1642 2622 1699 2666 II.

190 2710 241 2742 n.
293 2701 339 2747 1.
390 2712 453 2744 ιν.
498 2701 548 2752 ὃ,
593 2702 641 2752 6,
686 2704 734 2752 8,
783 2704 853 2753 11;
911 2700 1054 2744 Tzetz.
1108 2700 1158 2742 ad
1204 2700 1246 2744 Ιι.
1287 2700 1318 2742 l.
1398 2699 1549 2757 Itaque
1590 2712 1698 2742 mox

190 2776 304 2837 ὔμμι
341 2767 459 2820 διδοῖ.
