1748 3224
189 249 272 283 XII
784 237 1092 274 PRAEFATIO.

257 362 461 413 Iuvenis
487 363 595 410 erat
613 356 898 422 Lennepius
907 393 923 420 ,
942 355 1142 420 iamque
1163 352 1288 402 iuris
1306 352 1499 418 peritus
1521 350 1685 401 forum

189 455 441 525 cogitabat
455 492 472 518 ,
523 468 680 519 quum
734 449 788 498 in
845 444 1222 515 Wyttenbachii
1281 443 1696 496 Amstelaedamo‘

192 548 398 600 Leidam
454 543 614 595 vocati
661 540 974 605 cathedram,
1023 557 1054 588 a
1100 536 1422 589 Ouratoribus
1469 534 1687 587 oblatam
1739 583 1743 586 ,

191 659 341 692 suasu
364 633 583 702 Boschii,
614 634 838 686 eiusdem
862 633 1057 683 monitu
1081 635 1370 683 cunctanter
1390 629 1686 680 succederet.

193 732 397 783 Etenim
437 728 640 780 tametsi
686 726 888 795 egregie
925 725 1112 775 tinctus
1159 727 1291 774 esset
1335 721 1586 773 veteribus
1638 725 1691 772 et

192 822 544 876 recentioribus
568 821 748 886 literis,
773 836 1044 886 earumque
1070 817 1369 868 suavitatem
1394 819 1502 866 toto
1525 815 1691 865 animo

193 916 517 983 concepisset,
553 914 738 964 sentire
780 911 953 962 debuit
982 910 1104 978 quid
1140 915 1272 960 esset
1306 906 1692 976 'Wyttenbachio

194 1008 474 1073 succedere,
493 1008 596 1058 iam
623 1011 735 1055 tum
762 1010 1010 1055 veterano.
1061 1003 1227 1068 Vicit,
1252 1006 1312 1052 ut
1338 1001 1567 1066 arbitror,
1586 1000 1692 1050 eius

196 1100 578 1152 haesitationem
632 1096 904 1163 multiplex
954 1096 1028 1145 rei
1081 1093 1422 1145 consideratio.
1493 1093 1694 1144 Scilicet

194 1192 438 1262 regnabat
483 1189 905 1259 'Wyttenbachius
963 1188 1017 1237 in
1069 1187 1371 1238 Graecorum
1415 1186 1663 1236 historicis
1679 1224 1694 1251 ,

195 1283 506 1353 philosophis
519 1322 533 1348 ,
581 1281 858 1333 oratoribus
917 1280 1328 1345 commentandis3
1371 1285 1532 1330 artem
1579 1296 1695 1338 vero

196 1377 457 1428 metricam
481 1393 580 1426 non
607 1376 682 1425 ita
705 1373 918 1425 callebat
946 1379 1006 1424 ut
1032 1378 1163 1424 esset
1189 1373 1234 1423 ei
1259 1390 1350 1439 pro
1374 1371 1697 1422 fundamento

197 1470 415 1533 critices,
461 1468 540 1519 cui
579 1467 793 1517 firmiter
831 1466 1087 1516 insisteret
1127 1465 1190 1516 ad
1231 1465 1523 1534 corrigenda
1569 1483 1695 1532 quae

198 1567 431 1628 corrupta
477 1565 643 1611 essent
692 1561 744 1610 in
796 1563 1058 1626 poetarum
1103 1576 1394 1627 graecorum
1444 1558 1696 1625 reliquiis3

198 1661 371 1722 poetas
402 1659 570 1705 autem
596 1655 934 1705 Romanorum
964 1671 1145 1720 parum
1169 1671 1367 1718 curans,
1393 1657 1553 1703 artem
1574 1669 1697 1718 pan-

199 1747 350 1816 gendi
379 1747 560 1797 latinos
585 1764 756 1797 versus
783 1751 982 1796 tantum
1010 1763 1108 1795 non
1133 1743 1492 1796 contemnebat.

269 1842 552 1908 Lennepius
582 1841 645 1892 ad
673 1841 846 1908 possin
874 1859 1060 1907 pronus
1091 1845 1214 1907 erat,
1243 1841 1447 1908 eiusque
1477 1839 1701 1891 studium

201 1939 458 1999 poetarum
499 1934 772 1984 latinorum
811 1933 1103 1999 Nodellius,
1140 1933 1383 1984 Boschius
1430 1938 1482 1983 et
1524 1933 1702 1984 Sante-

202 2027 312 2077 nius
341 2027 621 2094 praeceptis
649 2027 894 2078 aluerant.
953 2026 1090 2078 Hinc
1124 2008 1312 2077 factum
1344 2031 1421 2077 est
1450 2031 1508 2076 ut
1542 2026 1703 2077 excel-

200 2118 327 2170 leret
357 2119 542 2170 latinae
570 2120 791 2186 poeticae
815 2118 1076 2185 facultate,
1101 2118 1414 2187 sermonique
1439 2124 1701 2185 poetarum

202 2213 273 2261 ita
319 2214 632 2275 assuefieret,
673 2218 731 2263 ut
771 2213 925 2263 latine
968 2212 1183 2264 scribens
1217 2230 1588 2280 nonnumquam
1627 2212 1702 2263 di-

201 2304 360 2355 ctione
389 2306 581 2371 poetica
611 2304 915 2356 abuteretur.
974 2305 1073 2356 Sed
1102 2305 1545 2373 lVyttenbachium
1571 2306 1699 2355 Am·
1730 2312 1731 2315 ’

202 2396 515 2463 stelacdami‚
552 2397 1029 2468 Ruhnkoniumqug„
1043 2396 1228 2448 Leidac
1259 2396 1511 2462 docentes,
1547 2415 1701 2465 quum

203 2489 366 2539 minus
409 2488 604 2540 assidue
650 2488 872 2553 audiret,
914 2494 1116 2557 graecas
1154 2487 1356 2555 quidem
1394 2487 1566 2540 literas
1604 2506 1702 2539 non

202 2582 399 2631 omnino
434 2582 625 2646 omisit,
662 2581 747 2633 sed
783 2600 954 2632 eorum
983 2581 1202 2632 virorum
1229 2599 1317 2632 nec
1343 2581 1702 2648 praestantiam

205 2673 485 2737 intelligere
513 2693 600 2724 nce
622 2673 938 2740 disciplinam
966 2672 1203 2724 imbibere
1228 2679 1355 2726 tunc·
1371 2674 1553 2742 potuit.
1581 2674 1704 2724 Pro-

205 2767 386 2818 vectior
433 2785 585 2834 quum
635 2773 766 2818 essct
813 2774 999 2832 actatc,
1045 2767 1374 2819 institutionis
1423 2785 1572 2834 quam
1619 2786 1706 2818 ne-

204 2859 429 2921 glext-rut
459 2878 658 2911 usuram
684 2859 965 2912 admirabili
987 2860 1251 2929 diligentia
1276 2860 1461 2927 partim
1489 2861 1704 2925 sarcivit,
