1748 3224
283 199 346 247 26
874 215 1196 246 counssnumvs

284 332 513 390 opinioni,
549 346 593 372 se
634 329 692 372 ob
730 331 910 387 aliquod
946 330 1296 389 Amphitryonis
1330 331 1470 388 patris
1498 332 1568 374 sui
1598 332 1646 375 in
1676 332 1748 375 De<

283 407 501 452 delictum
537 406 642 448 illos
680 404 766 448 sibi
802 406 1003 448 adversos
1036 405 1222 457 habere,
1261 406 1342 462 qui
1368 405 1473 449 inde
1500 407 1676 450 nullam
1700 408 1748 465 ip

278 481 539 526 difficilium
584 480 791 524 laborum
830 480 1137 523 remissionem
1177 481 1356 523 darent:
1402 480 1569 534 Immo,
1613 482 1748 540 inqui

233 541 239 547 .
284 572 384 600 sane
409 563 535 614 pater
561 555 799 599 hominum
821 563 865 598 et
889 556 1082 599 Deorum
1107 564 1150 598 et
1176 556 1379 599 tutelaris
1399 556 1655 600 Thebarum
1672 559 1748 601 De:

283 634 514 692 Neptunus
537 632 664 675 valde
693 640 736 674 te
762 632 1013 684 honorent,
1045 633 1122 690 qui
1152 633 1242 675 huc
1269 634 1317 676 in
1346 648 1503 676 manus
1527 642 1624 676 tuas
1649 633 1748 677 add:

283 717 386 753 cant
413 709 584 751 huncce
609 709 811 751 validum
838 716 882 751 et
909 722 1123 766 magnum
1153 709 1326 760 virum3
1361 724 1450 766 quo
1474 709 1648 752 devicto
1669 725 1748 752 mu

284 794 383 828 tum
417 786 584 843 gloriae
615 784 872 842 reportabis.

345 952 388 980 v,
413 938 514 980 104.
553 933 728 993 ταύρεος
757 927 1074 995 Ἐννοσίγαιος]
1135 935 1352 992 Quamvis
1372 935 1570 978 unohoc
1591 936 1687 978 loco
1709 950 1748 978 e}

283 1021 369 1056 stet
409 1012 641 1070 epitheton
674 1011 872 1069 Neptuni
918 1007 1119 1068 ταύρεος,
1160 1025 1252 1054 non
1289 1019 1375 1061 est,
1420 1019 1470 1053 ut
1509 1026 1590 1069 per
1625 1027 1672 1055 se
1714 1012 1748 1054 il

285 1103 443 1147 parum
470 1102 663 1146 congrue
688 1087 829 1130 tribui
847 1087 1064 1130 videatur.
1106 1086 1311 1143 Neptuno
1336 1087 1386 1129 in
1405 1086 1596 1138 Boeotia,
1623 1088 1748 1146 inpr

285 1166 372 1207 mis
409 1163 646 1215 Onchesti,
682 1163 806 1206 culto
841 1162 1098 1205 immolatos
1136 1170 1284 1205 tauros
1321 1160 1487 1213 fuisse‚.
1523 1170 1654 1220 atque
1687 1164 1748 1207 in(

282 1240 647 1298 cognominatum
674 1253 777 1281 eum
810 1235 1001 1297 ταύρεον,
1035 1247 1188 1282 auctor
1217 1246 1280 1281 est
1295 1238 1470 1281 Tzetzes
1495 1239 1547 1282 ad
1575 1238 1622 1283 h.
1641 1239 1690 1291 1.,
1716 1254 1748 1282 οι

283 1331 364 1359 cur
401 1316 535 1359 fidem
580 1316 630 1358 in
667 1314 750 1358 hac
782 1330 832 1359 re
868 1322 1076 1374 negemus
1109 1330 1259 1358 causae
1295 1315 1416 1358 nihil
1456 1323 1541 1367 est,
1582 1330 1664 1359 nec
1697 1314 1748 1358 fe:

283 1391 607 1443 dubitandum,
652 1391 764 1448 quin
817 1391 880 1434 ita
933 1391 1177 1434 secundum
1217 1390 1489 1447 antiquiores
1537 1391 1748 1434 tradideri

284 1468 592 1512 Memorantur
619 1466 675 1509 ab
698 1466 920 1524 Hesychio
950 1463 1132 1525 Toe6pcoe,
1155 1466 1322 1510 festum
1345 1467 1557 1525 Neptuni.
1594 1467 1748 1524 Deniqu

283 1545 334 1588 in
361 1543 563 1586 nummis
597 1542 722 1585 urbis
751 1542 806 1586 ab
837 1542 923 1586 hoc
950 1543 1040 1586 Deo
1075 1543 1185 1586 dicti
1214 1543 1466 1594 Posidonii,
1497 1557 1608 1600 quae
1634 1543 1748 1585 dein«

285 1621 488 1664 Paestum
517 1619 756 1676 appellata,
792 1633 967 1676 semper
1008 1625 1072 1661 est
1106 1618 1224 1661 tauri
1262 1618 1405 1676 figura
1449 1617 1560 1676 (vid.
1593 1617 1748 1661 Mazocss

285 1697 341 1740 ad
368 1695 488 1738 tabb.
516 1694 690 1739 Heracl.
718 1708 764 1752 p.
789 1691 913 1752 506);
941 1695 1034 1739 sive
1062 1694 1178 1737 ratio
1205 1694 1340 1737 huius
1364 1694 1431 1736 rei
1460 1701 1504 1737 et
1532 1693 1748 1737 immolat«

285 1784 388 1815 rum
421 1771 580 1830 passim
605 1770 811 1828 Neptuno
835 1778 1070 1813 taurorum
1094 1768 1208 1827 (vid.
1234 1769 1367 1813 Hom.
1396 1769 1452 1814 11.
1472 1769 1530 1812 Ψ.
1554 1770 1640 1814 403
1658 1782 1748 1827 seqc¹

284 1847 370 1892 Od.
392 1847 440 1891 Γ.
473 1849 524 1898 6;
556 1846 683 1892 Pind.
712 1846 839 1890 Nem.
866 1846 946 1891 VI.
971 1848 1054 1900 693
1085 1845 1212 1904 Virg.
1247 1846 1356 1890 Aen.
1387 1846 1446 1889 ΙΙ.
1473 1846 1575 1897 202,
1603 1845 1683 1890 ΙΙΙ.
1710 1847 1748 1890 1]

286 1924 436 1981 ibique
459 1922 601 1981 Serv.)
627 1924 676 1966 in
703 1938 754 1966 eo
781 1923 1028 1979 quaerenda
1057 1923 1140 1975 sit,
1170 1923 1286 1979 quod
1315 1921 1371 1964 ob
1398 1923 1544 1966 vicina
1565 1921 1658 1965 fere
1677 1937 1748 1965 ma

288 2015 441 2058 pascua
465 2000 725 2058 Neptunum
749 2006 842 2042 tam
865 2007 1099 2042 taurorum
1125 1999 1314 2042 altorem
1339 1998 1638 2050 crediderunt,
1658 2013 1744 2056 qua

286 2091 527 2134 equorum,
563 2091 586 2117 a
622 2075 784 2132 quibus
811 2065 965 2121 ἵππισς
994 2066 1212 2118 Ποσειδῶν
1241 2074 1409 2126 dictus,
1438 2087 1549 2132 quae
1576 2081 1748 2117 sentent

286 2160 349 2196 est
365 2152 399 2194 1.
416 2153 470 2197 H.
487 2152 630 2197 Vossii
655 2152 703 2194 in
726 2152 839 2210 Epp.
863 2151 1061 2209 Mythol.
1083 2151 1134 2194 T.
1152 2151 1209 2197 II.
1236 2166 1280 2208 p.
1297 2152 1406 2203 276,
1429 2151 1521 2193 sive
1542 2165 1667 2192 causa
1689 2149 1745 2192 ha

287 2226 451 2279 fuerit,
478 2228 596 2285 quod
624 2243 702 2286 per
728 2241 852 2270 mare
876 2227 1090 2285 primitus
1117 2227 1238 2270 tauri
1268 2227 1316 2270 in
1348 2226 1580 2270 Graeciam
1607 2226 1748 2269 adven

283 2304 375 2347 sive
404 2304 542 2346 maris
567 2303 778 2361 strepitus
809 2316 914 2346 cum
946 2300 1064 2345 tauri
1094 2302 1310 2360 mugitu,.
1327 2303 1397 2347 vel
1420 2301 1643 2345 fluctuum
1666 2300 1748 2345 litt*

287 2379 598 2423 invadentium
615 2377 744 2421 furor
759 2392 863 2421 cum
882 2377 1001 2421 tauri
1017 2377 1230 2421 irruentis
1247 2377 1420 2436 impetu
1433 2385 1714 2435 comparatus
1728 2390 1748 2419 1

286 2455 558 2498 occasionem
582 2454 767 2507 dederit,
787 2452 1037 2497 cuiusmodi
1055 2468 1157 2496 sene
1178 2453 1287 2511 quid
1315 2453 1363 2497 in
1385 2467 1512 2496 causa
1527 2451 1662 2496 fuisse
1678 2450 1748 2496 vid

289 2538 378 2582 tur,
389 2543 470 2573 cur
482 2537 527 2573 et
549 2529 726 2581 fluvios,
738 2528 1090 2573 vehementiores
1112 2528 1349 2581 duntaxat,
1366 2526 1668 2581 tauriformee,
1678 2541 1748 2571 cer

290 2606 477 2649 taurinis
501 2605 710 2649 cornibus
735 2604 955 2663 praeditos
972 2603 1059 2648 sibi
1083 2603 1394 2647 informarint.
1432 2603 1536 2648 Vid.
1563 2603 1748 2648 Graevm

286 2681 332 2725 ln.
367 2683 426 2734 1.;
474 2681 772 2740 Spanhemius
802 2683 856 2725 de
898 2696 979 2724 usu
1007 2688 1052 2724 et
1078 2688 1238 2739 praest.
1271 2680 1504 2732 numism„
1550 2680 1661 2723 Dies.
1692 2677 1748 2723 V]

289 2773 328 2814 p.
341 2757 790 2815 8963Cu1wrusObss.
811 2757 888 2801 111.
916 2758 988 2809 163
1010 2755 1258 2801 Mitscherl.
1276 2757 1327 2799 ad
1349 2756 1499 2800 Horat.
1521 2755 1598 2800 IV.
1609 2755 1746 2800 xtv.2
