1748 3224
558 289 599 318 ιΝ
631 286 795 318 nsssmm
825 283 1002 318 scv'rvn.
1440 259 1446 265 ’
1463 269 1527 315 99

25 422 104 449 nec
141 405 502 464 praetermissum
541 403 596 446 ab
630 403 823 446 Homero
859 403 910 446 ll.
945 418 1007 445 cc.
1073 402 1208 445 Acuit
1245 409 1396 444 autem
1423 416 1528 459 aper

22 482 170 526 dentes
192 481 246 524 ad
271 495 375 523 saxa
397 480 469 523 vel
492 487 672 522 truncos
690 478 904 521 arborum
923 478 1104 520 terendo
1127 477 1234 537 (vid.
1253 476 1387 522 Ovid.
1402 476 1526 521 VIII.

6 557 129 600 -Met.
167 554 294 609 369),
325 571 405 599 nec
441 562 586 613 potest
618 553 762 596 facere
793 553 878 596 hoc
912 553 998 596 nisi
1033 543 1296 611 δοχμωθείς,
1322 553 1528 610 inflexus,

23 638 279 675 incurvatus.

83 796 124 825 v.
156 785 244 827 389
267 798 352 841 seq.
400 775 542 840 ἀφρὸς
569 774 618 825 δὲ
644 777 742 839 περὶ
771 775 923 838 στὸμα
949 774 1262 840 μαστιχόωντι
1293 773 1533 841 Λείβεται]

21 859 61 902 A
92 850 221 914 μα’ω,
251 859 369 901 unde
384 850 534 914 μάδω
557 867 600 902 et
619 859 718 901 Lat·
737 859 910 910 mando,
933 866 1085 901 ortum
1108 858 1243 900 etiam
1266 865 1328 900 est
1348 848 1533 913 μασάω,

22 929 181 990 deffleat,
199 934 392 977 dentibus
411 935 583 994 subigo;
601 935 709 978 hinc
729 926 922 989 μάσταξ
943 934 1093 992 ipsum
1113 948 1160 975 os
1175 934 1292 991 apud
1305 933 1531 991 Lycophr.

20 1012 71 1054 in
92 1025 133 1055 v.
154 1011 291 1066 14533
314 1018 359 1053 at
379 1003 606 1068 μάστακα
627 1010 814 1053 Photius
835 1009 1032 1068 explicat
1050 1001 1264 1065 μάσημα,
1285 1001 1467 1067 τροφήν,
1490 1016 1535 1051 et

21 1077 273 1142 μαπάζειν
313 1086 470 1129 edendi
513 1086 839 1145 significatione
877 1093 941 1128 est
980 1086 1098 1145 apud
1135 1085 1344 1128 Nicandr.
1391 1085 1531 1127 Ther.

23 1165 134 1215 9183
158 1163 232 1205 cui
274 1162 410 1205 verbo
451 1170 689 1221 cognatum
736 1160 828 1203 fuit
872 1162 1069 1204 alterum
1115 1150 1372 1216 μαστίζειν,
1418 1160 1535 1203 unde

20 1229 259 1297 μαστιχῆ,
304 1245 348 1279 et
378 1237 489 1280 hino
531 1229 813 1296 μαστιχοίω,
846 1237 1079 1288 manduco,
1111 1237 1262 1279 dentes
1291 1236 1345 1278 ad
1380 1235 1533 1278 eibum

22 1307 318 1371 subigendum
347 1326 530 1364 moveo,
570 1313 688 1355 unde
727 1314 863 1355 etiam
908 1312 1028 1370 apud
1060 1312 1242 1355 Latinos
1270 1311 1461 1354 medicos
1484 1310 1534 1353 in

23 1405 106 1432 usu
143 1397 250 1432 sunt
285 1395 521 1431 masticatio
559 1385 615 1430 et¹
639 1395 901 1431 masticatus.
964 1387 1098 1432 conf.
1129 1388 1266 1446 Apul.
1295 1388 1349 1430 de
1377 1386 1536 1430 Herbis

22 1482 59 1510 c.
89 1468 146 1510 79
182 1473 225 1508 et
255 1464 433 1510 Coelius
459 1465 688 1509 Aurelian.
717 1466 850 1508 Tard.
869 1480 981 1523 paSS.
1000 1464 1078 1509 IV.
1095 1466 1137 1508 3.
1189 1465 1267 1508 Est
1288 1471 1438 1506 autem
1462 1462 1536 1504 hic

23 1534 336 1600 μαστιχόωντι
365 1541 516 1584 dentes
548 1556 654 1600 prae
688 1541 756 1583 ira
792 1540 1019 1592 moventi,
1055 1539 1264 1582 dentibus
1291 1537 1534 1580 frendenti.

23 1618 158 1660 Hom.
180 1617 234 1660 Il.
268 1616 320 1659 A.
343 1617 427 1659 417
452 1616 506 1659 de
528 1630 660 1674 apro:
695 1611 804 1659 ὑπαὶ
840 1608 888 1659 δέ
921 1627 973 1658 τε
998 1608 1169 1671 κόμπος
1190 1605 1365 1657 ὀδόντων
1385 1613 1417 1656 Γ
1421 1603 1538 1671 ι’γνε-

24 1706 116 1735 ται.
179 1691 430 1736 Stridorem
469 1691 592 1734 dixit
627 1691 763 1735 Ovid.
799 1691 920 1736 VIII.
950 1691 1058 1736 Met.
1101 1692 1206 1735 287:
1241 1686 1419 1731 Fervida
1444 1705 1536 1731 cum

26 1783 154 1810 rauco
180 1768 291 1810 latos
320 1767 547 1809 stridore
571 1783 653 1825 per
683 1783 824 1810 armos
852 1767 1038 1826 Spuma
1057 1768 1172 1822 fluit.
1204 1766 1404 1822 Namque
1429 1764 1536 1807 haec

26 1846 122 1904 ipsa
150 1843 356 1888 dentium
383 1843 560 1886 coIIIsio
586 1859 793 1902 spumam
819 1844 1001 1888 excitat.
1034 1843 1161 1901 Virg.
1189 1842 1266 1887 IV.
1296 1844 1405 1884 Aen.
1427 1841 1534 1882 135:

26 1921 124 1964 Stoet
150 1925 321 1978 sonipes
348 1933 400 1960 ac
413 1919 554 1976 fi·ena
567 1920 710 1978 fler-ox
735 1924 1028 1976 spumantia
1060 1917 1271 1961 mandit.

90 2085 130 2114 v.
155 2072 258 2114 390.
301 2065 408 2112 ὄσσε
442 2062 491 2114 δέ
525 2065 564 2113 οἱ
596 2065 699 2127 πυρὶ
718 2065 1024 2127 λαμπετόωντι
1046 2061 1206 2127 ἒῖκτην]
1260 2067 1407 2111 Verba
1436 2073 1543 2109 sun't

28 2147 212 2190 Homeri
238 2146 294 2190 Il.
327 2147 380 2192 A.
414 2149 521 2199 104,
550 2147 622 2190 sed
652 2147 706 2189 de
739 2146 946 2199 homine3
982 2152 1026 2189 at
1059 2145 1116 2189 11.
1149 2144 1200 2189 N.
1235 2145 1320 2188 474
1352 2143 1407 2186 de
1433 2156 1543 2200 apro

27 2223 214 2266 dicitur:
239 2214 459 2279 ὀφθαλμὼ
491 2214 534 2266 δ’
570 2216 657 2281 ἄρα
691 2219 730 2265 οἱ
762 2218 866 2281 πυρὶ
899 2215 1148 2279 λάμπετον.
1212 2217 1343 2264 Conf.
1383 2225 1428 2261 et
1456 2216 1542 2262 od.

29 2299 81 2342 T.
112 2300 227 2350 4463
258 2298 391 2343 Ovid.
423 2300 456 2342 l.
487 2315 524 2342 c.
570 2314 613 2343 v.
644 2300 746 2344 284.

90 2466 132 2494 v.
163 2452 264 2494 391.
321 2442 446 2508 ὃρθᾶς
485 2443 523 2493 δ’
558 2442 600 2492 ἓν
638 2448 775 2508 λοφιῇ
815 2446 994 2508 Φρὲσσει
1027 2442 1218 2510 τρίχας]
1295 2447 1367 2491 Sic
1411 2460 1544 2505 supra

32 2540 74 2568 v.
113 2528 218 2568 171:
262 2519 450 2584 φρῖσσόν
482 2538 539 2584 γε
572 2523 652 2582 μὲν
686 2520 884 2587 αὐχένας
911 2520 1070 2583 ἄμφω.
1134 2524 1266 2568 Hom.
1298 2523 1384 2568 od.
1418 2523 1449 2566 l.
1483 2537 1543 2564 c.:

31 2597 190 2658 φρῖξας
224 2590 274 2644 εὖ
306 2595 475 2659 λοφιήν.
525 2600 689 2661 Vix-gil.
709 2603 766 2646 X.
793 2603 901 2646 Aen.
921 2605 1029 2646 711:
1062 2601 1279 2651 Substitit,
1307 2597 1546 2656 infiz’nmit-

31 2693 109 2735 que
127 2678 267 2735 ferox
298 2687 340 2720 et
369 2677 578 2719 inhorruit
609 2693 763 2719 armos.

94 2843 133 2871 v.
162 2830 262 2873 392.
317 2821 381 2886 τῷ
417 2820 567 2875 ’ἴκελος
609 2824 710 2875 Διὸς
758 2824 845 2876 υἱὸς
890 2823 977 2885 ἀφ’
1022 2824 1197 2873 ἱππεῖου
1234 2820 1324 2884 θόρε
1358 2817 1546 2884 δίφρου]

1284 2901 1350 2949 7*
