1748 3224
562 222 602 252 m
631 221 810 253 nnsmm·
827 220 1003 252 scvrvu.
1483 205 1521 251 9·

1 336 108 383 misi
144 335 342 379 nimium
372 344 528 380 ‹motus
562 335 716 378 fuisset
752 336 828 387 iis,
869 349 979 392 quae
1007 327 1260 392 ’γνησιὸτητι
1304 334 1516 376 carminis

9 411 187 461 ,obiecta
211 410 267 454 ab
293 410 395 454 aliis
429 419 646 454 memorat
678 426 724 468 p.
757 411 875 454 LIX.

8 512 31 539 4,
77 487 132 531 In
157 474 368 545 Catalogi)
400 495 445 530 et
481 487 608 532 Eoeis
638 487 749 544 quin
771 488 918 530 multa
944 486 1210 543 interpolata
1232 483 1405 528 fuerint
1425 486 1516 528 iam

11 562 288 621 antiquitus,
320 578 411 606 non
434 563 637 620 equidem
658 562 851 620 ambigo.
911 565 1121 605 Attamen
1137 561 1258 604 nihil
1285 561 1335 604 in
1358 561 1414 605 iis
1432 561 1518 604 He-

10 639 216 694 piodeum
254 637 388 681 fuisse
424 638 615 682 minime
645 645 843 680 constare
881 637 1098 689 arbitror,
1137 651 1276 693 neque
1307 637 1361 680 de
1393 653 1440 680 ea
1470 653 1520 681 re

8 729 278 774 ‹persuasum
300 713 527 771 plerisque
547 720 752 756 veterum
775 710 924 767 fuisse,
949 720 1000 754 ut
1019 719 1136 755 certe
1156 727 1246 754 non
1268 710 1360 754 fuit
1381 712 1518 771 Apol-

18 790 143 834 lonio
166 789 358 840 Rhodio,
382 803 472 831 non
491 788 852 839 Hermesianacti,
871 786 1053 830 fortasse
1074 802 1213 844 neque
1229 787 1518 846 Aristophani

20 865 348 916 Grammatico,
390 864 515 907 cuius
554 864 605 908 in
643 863 779 906 citato
821 863 1000 907 Scholio
1030 865 1257 921 prolatum
1300 863 1519 906 iudicium

17 940 162 992 mihi,
190 947 244 983 ut
269 939 532 983 Heinrichio
561 946 604 981 et
630 938 827 990 Rankio‚
859 939 1083 997 pertinere
1114 939 1167 981 ad
1195 939 1333 981 solam
1361 939 1520 981 descri-

18 1016 220 1075 ptionem
248 1015 400 1074 clypei
428 1014 620 1059 videtur.
659 1014 752 1056 Iam
779 1014 829 1056 in
859 1014 939 1068 iis,
973 1028 1083 1071 quae
1115 1021 1220 1056 sunt
1247 1013 1297 1056 in
1322 1015 1521 1058 carmine

19 1092 220 1135 desumta
246 1107 303 1135 ex
328 1090 477 1142 Εοείε,
507 1106 599 1133 non
628 1090 755 1133 video
787 1090 989 1147 equidem
1020 1090 1128 1147 quid
1156 1097 1333 1132 tantum
1359 1089 1413 1133 ab
1434 1089 1520 1134 He—

4 1166 166 1212 'siodeo
185 1167 332 1210 colore
352 1166 525 1209 differat
538 1197 550 1218 ,
575 1174 629 1212 nt
650 1181 740 1209 non
759 1165 814 1208 ab
834 1166 917 1209 illo
937 1167 1068 1224 po‘eta
1088 1165 1307 1223 proficisci
1327 1166 1521 1223 potuisse

0 1242 287 1287 «censendum
315 1242 387 1287 sit.
448 1241 531 1286 Sed
566 1256 706 1298 neque
733 1241 897 1285 diversi
923 1240 1042 1283 mihi
1071 1241 1232 1284 coloris
1257 1256 1343 1284 esse
1369 1241 1520 1284 viden-

0 1312 121 1368 stur,
162 1331 273 1375 quae
311 1317 362 1360 in
403 1317 602 1360 carmine
639 1324 815 1359 exstant
848 1316 1045 1359 versibus
1074 1317 1299 1367 57-141,
1329 1331 1523 1374 quaeque

0 1399 126 1451 suunt
158 1400 259 1451 post
289 1392 631 1450 descriptionem
665 1393 816 1450 clypei
857 1407 995 1452 usque
1033 1392 1086 1434 ad
1124 1391 1261 1435 finem
1292 1392 1518 1435 carminis.

0 1454 173 1514 {Liceat
198 1468 318 1512 mihi
342 1468 624 1511 sic'modeste
647 1469 895 1526 discrepare
922 1468 976 1510 ab
1004 1468 1118 1519 aliis,
1133 1468 1336 1525 quamvis
1359 1468 1450 1510 sint
1474 1468 1523 1510 in

22 1545 78 1588 iis
106 1544 210 1590 Viri
245 1545 292 1587 in
321 1543 466 1587 literis
493 1543 742 1602 principes,
773 1544 866 1594 vel,
908 1543 944 1586 si
974 1543 1131 1595 malis,
1160 1540 1293 1586 liceat
1326 1543 1445 1586 mihi
1475 1543 1523 1586 in

4 1621 160 1664 ‘tantis
207 1619 273 1663 rei
316 1618 649 1676 antiquissimae
691 1618 884 1661 tenebris
931 1614 1135 1662 dubitare
1171 1626 1214 1662 et
1253 1610 1523 1662 σκέπτεσθαι

23 1696 160 1740 etiam
191 1710 336 1747 nunc,
372 1694 451 1736 ubi
488 1695 639 1752 plures
670 1701 759 1736 tam
791 1701 957 1736 certam
988 1702 1032 1736 et
1061 1695 1226 1737 claram
1259 1694 1406 1737 lucem
1439 1694 1525 1736 sibi

0 1790 9 1810 »ε
21 1771 228 1817 obortam
266 1770 555 1824 existimant,
597 1777 648 1812 ut
685 1770 841 1813 nullus
878 1769 1072 1828 amplius
1101 1769 1373 1812 dubitationi
1404 1770 1527 1812 locus

2 1843 230 1906 'super-iit.

0 1983 11 2026 ᾗ·
83 2013 148 2041 vs.
173 1999 213 2041 1.
247 1986 382 2055 ἢοἹη]
443 1997 558 2048 Hoc,
592 1998 709 2054 quod
744 1997 873 2040 toties
900 1997 950 2039 in
981 1976 1199 2040 Eioearum
1231 1995 1430 2038 carmine
1457 2009 1526 2038 re-

4 2105 10 2121 2
25 2072 254 2126 currebat,
289 2081 406 2116 certe
443 2066 729 2116 referendum
769 2071 861 2114 fuit
895 2073 947 2115 ad
980 2072 1239 2130 praecedens
1271 2071 1442 2128 aliquid
1476 2070 1526 2113 in

0 2149 237 2203 &carminis
261 2148 410 2192 initio.
441 2147 730 2191 Heinrichius
750 2148 798 2190 in
813 2146 1167 2191 Commentario:
1205 2146 1432 2197 »Poterat,
1455 2145 1525 2188 in-

0 2239 5 2258 ss
27 2225 177 2282 »quit,
210 2224 424 2268 carminis
451 2231 580 2270 tenor
607 2225 668 2266 ita
695 2224 852 2266 ductus
879 2238 988 2275 esse,
1017 2229 1068 2264 ut
1094 2223 1222 2280 po'eta
1253 2222 1308 2264 ab
1335 2221 1528 2265 illustris

28 2299 245 2344 »alicuius
273 2298 467 2343 feminae
498 2299 627 2342 laude
663 2299 910 2350 ordiretur,
945 2311 1128 2355 eamque
1157 2295 1438 2353 sequentibus
1464 2295 1528 2339 fe·

0 2370 3 2384 '
29 2375 194 2420 uminis
222 2383 499 2433 compararet
523 2374 606 2417 hac
635 2373 726 2417 fere
750 2374 945 2416 ratione:
981 2378 1064 2414 ista
1089 2382 1173 2414 tam
1195 2371 1533 2430 praeclarasuit

29 2443 219 2509 »femina
259 2466 382 2510 quam
415 2450 559 2500 Leda,
603 2458 676 2491 aut
716 2465 839 2508 quam
885 2441 931 2506 (ἢ
975 2438 1059 2506 o‘t'n)
1101 2447 1322 2490 Alcmena.
1384 2447 1529 2489 Potest

0 2512 232 2584 ¹{nquoquc
272 2526 358 2568 alia
394 2526 596 2585 partium
629 2525 884 2568 coniunctio
929 2523 1114 2575 assumi,
1153 2521 1334 2565 fortasse
1365 2521 1528 2564 huius-

0 2597 200 2662 {nmodit
242 2602 324 2644 Dic
348 2601 476 2654 mihi,
512 2600 663 2652 Musa,
693 2600 829 2659 qualis·
836 2600 982 2658 fuerit
1007 2599 1134 2650 haec,
1164 2607 1238 2640 aut
1263 2597 1398 2656 qualis
1425 2596 1527 2651 illa,

2 2674 132 2738 'branc
170 2677 305 2735 quales
342 2677 594 2719 Alcmena.”
669 2676 786 2719 Mihi
809 2664 1017 2734 ¹suspicio
1058 2674 1211 2717 oborta
1260 2682 1345 2726 est,
1395 2671 1529 2715 fuisse

8 2755 9 2758 ’
31 2753 199 2811 aliquid
230 2754 280 2796 in
309 2752 530 2803 carmine,
561 2752 677 2810 quod
701 2751 1102 2795 Hermesianactem
1129 2750 1177 2792 in
1200 2749 1371 2807 Elegia,
1393 2763 1528 2806 quam
