1748 3224
194 201 197 203 ’
253 197 317 245 44
835 215 1157 246 conuuumvs

253 331 459 374 »dentem
502 344 655 372 rerum
689 337 910 373 naturam.
972 330 1036 373 Ita
1074 331 1294 389 Virgilius
1330 333 1380 376 in
1403 342 1525 377 scuto
1551 333 1748 393 Aeneaej]

253 405 343 447 »ita
381 404 598 446 Homerus
627 404 675 446 in
708 413 831 446 scuto
864 404 1082 456 Achillis,
1122 406 1184 447 ita
1223 406 1484 452 Theocritus
1508 410 1557 453 in
1585 394 1748 468 pocu‘ld

244 479 466 538 »pastoris
495 479 559 522 Id.
589 479 632 531 Ι,
661 488 706 522 et
734 480 815 523 alii
846 480 895 522 in
923 480 1024 523 aliis
1047 481 1243 538 picturas
1270 481 1455 525 mobiles
1481 482 1748 528 exhibentss.

252 556 355 599 Vid.
395 555 531 597 etiam
569 553 693 599 Obss.
734 555 858 599 Miso.
899 555 1002 600 Vol.
1042 555 1077 598 1.
1114 556 1167 598 T.
1206 558 1250 608 1,
1296 556 1522 603 Achillem
1564 559 1748 606 Tatium.

254 631 351 674 Lib.
382 629 437 674 V.
469 645 508 673 c.
546 632 585 675 1.

292 701 596 762 ,κορύσσουσα
617 697 966 765 κλόνονοίνὸρῶν]
1025 704 1097 748 Sic
1124 704 1246 748 infra
1278 721 1320 750 v.
1353 708 1435 750 198
1465 699 1628 768 μάχην
1658 699 1748 753 ἓθέη

251 782 396 823 λουσοι
417 774 656 838 κορύσσειν.

312 946 355 974 v.
382 933 479 974 151.
517 924 602 976 τῶν
627 927 703 975 καὶ
738 945 779 976 κ.
808 944 849 975 τ.
869 925 945 991 ,λ.]
1008 931 1186 976 Similia
1214 933 1269 985 de
1294 933 1426 976 caesis
1446 934 1495 976 in
1519 933 1639 978 bello
1663 949 1748 979 ex...

251 1014 369 1049 stant
408 1008 525 1065 apud
560 1007 808 1050 Homerum
840 1008 900 1051 11.
935 1009 989 1053 A.
1021 1010 1048 1052 3
1081 1023 1195 1066 seqq.
1258 1009 1359 1052 Alia
1397 1017 1545 1060 autem
1580 1010 1654 1059 hic
1682 1011 1748 1055 rei

251 1082 522 1126 enunciatio.
583 1082 792 1126 Ceterum
833 1083 937 1125 satis
973 1083 1126 1141 inepte
1160 1092 1332 1142 recepta
1363 1084 1468 1127 haec
1496 1085 1546 1128 in
1578 1085 1748 1144 Caylu-

251 1158 422 1200 sianum
461 1159 612 1217 clypei
652 1157 864 1217 effigiem,
907 1159 1033 1216 quasi
1072 1160 1168 1218 ipsa
1203 1175 1378 1217 quoque
1414 1160 1464 1203 in
1499 1175 1550 1204 eo
1576 1160 1748 1205 fuerint

252 1232 471 1278 exhibita.

314 1400 355 1430 v·
383 1389 481 1431 152.
521 1380 618 1444 περὶ
644 1378 768 1443 ῥινοῖο
799 1380 1035 1440 σαπείσης,
1059 1386 1173 1444 pelle
1187 1418 1199 1439 ‚
1223 1402 1330 1445 quae
1350 1392 1505 1430 circum
1527 1403 1625 1431 ossa
1645 1398 1748 1444 erat,

245 1462 506 1521 putrefacta.
567 1461 768 1506 Verbum
798 1454 1111 1520 περισῆπεσθοιι
1141 1462 1252 1506 alibi
1283 1478 1375 1506 non
1405 1470 1575 1515 exstat,
1608 1477 1748 1507 κατα-

252 1529 402 1590 σήπειν
433 1537 598 1595 legitur
629 1537 683 1580 11.
716 1537 768 1581 T.
792 1539 863 1580 27.
927 1531 1034 1594 ῥινὸς
1071 1538 1126 1581 de
1158 1537 1267 1595 pelle
1296 1536 1404 1581 fem.
1435 1553 1534 1597 gen.
1568 1552 1748 1598 usurpa-³

254 1619 330 1655 tur
365 1612 502 1655 etiam
537 1613 649 1670 apud
679 1612 943 1671 Euripidem
975 1613 1020 1656 in
1050 1613 1196 1656 Rheso
1231 1629 1273 1657 v.
1304 1615 1390 1657 780
1421 1614 1488 1657 ed.
1517 1614 1679 1659 Matth.
1708 1622 1748 1659 et

253 1688 466 1746 Apollon.
498 1687 586 1732 Rh.
619 1687 677 1731 11.
712 1689 782 1732 58.

314 1855 356 1884 v.
382 1842 490 1895 153„
523 1834 682 1899 Σειρίου
713 1834 918 1898 ἀζαλέοιο
948 1857 1006 1885 sc.
1042 1836 1185 1897 ὄντος,
1226 1842 1339 1884 Sirio
1379 1841 1566 1886 ardente.
1615 1842 1748 1888 Geni-

253 1915 374 1958 tivus
410 1923 496 1967 est,
535 1916 600 1960 rei
637 1924 812 1976 tempus
849 1917 1073 1972 indicans,
1116 1925 1166 1960 ut
1204 1917 1272 1960 in‘
1299 1911 1476 1973 νυκτὸς,
1510 1911 1748 1978 χειμῶνος.

254 1981 409 2047 θέρους.
471 1989 599 2036 Conf.
631 1992 846 2036 Matthiae
877 1992 957 2037 Gr.
985 1992 1064 2037 Gr.
1093 1992 1116 2050 S
1150 1994 1252 2037 378.
1291 1996 1332 2038 2.
1394 1995 1472 2039 Est
1502 2002 1649 2039 eutem
1679 1996 1748 2040 hic

253 2066 410 2118 etiam,
454 2074 507 2109 ut
546 2066 664 2110 infra
704 2084 748 2114 v.
782 2070 867 2112 397
912 2076 956 2111 et
984 2056 1112 2126 '‘Ep‘y.
1155 2084 1195 2113 v.
1215 2069 1325 2122 417,
1361 2069 1604 2123 incertum,
1634 2071 1748 2115 sitne

252 2137 412 2200 Σείριος
441 2142 495 2186 de
524 2144 636 2195 sole,
669 2159 726 2187 an
751 2159 854 2188 vero
877 2144 931 2187 de
948 2144 1149 2187 canicula
1175 2144 1361 2188 dictum.
1398 2146 1457 2189 At
1482 2153 1653 2189 certum
1673 2153 1748 2199 est,

254 2217 456 2261 effectum
487 2218 559 2262 hic
589 2218 778 2263 describi
807 2233 885 2278 per
914 2218 1140 2263 caniculae
1169 2227 1337 2263 aestum
1373 2234 1597 2265 caesorum
1626 2222 1748 2266 cada-

256 2307 356 2337 vera
385 2294 597 2338 torrentis
623 2295 752 2351 solis,
777 2295 918 2353 iisque
945 2294 1228 2353 putredinem
1259 2296 1554 2341 accelerantis.

316 2458 359 2487 v.
398 2445 481 2488 154
510 2460 600 2503 seq.
648 2436 691 2488 ἓν
724 2437 771 2490 δὲ
801 2438 1005 2503 Προΐωξίς
1037 2457 1086 2488 τε
1125 2458 1167 2488 ιι.
1200 2458 1241 2490 τ.
1273 2440 1342 2506 λ.]
1403 2447 1596 2493 Videtur
1623 2449 1748 2507 poeta

256 2518 334 2562 has
369 2519 530 2577 figuras
566 2520 651 2564 sibi
689 2520 950 2565 informasse
972 2521 1080 2565 item
1107 2521 1155 2565 in
1179 2521 1497 2580 media,clypei
1519 2537 1618 2566 area
1636 2522 1748 2567 circe

258 2594 326 2636 vel
359 2610 473 2652 pone
496 2595 899 2655 prominentiorem
926 2597 1200 2642 Discordiam
1225 2597 1476 2656 dispositas,
1506 2605 1558 2641 ut
1573 2613 1748 2643 consue-

256 2674 356 2711 tum
383 2670 644 2716 exhibentes
673 2672 766 2715 eius
794 2672 1074 2717 comitatum.
1137 2672 1265 2731 Quod
1300 2682 1448 2718 eutem
1476 2675 1583 2720 tales
1606 2689 1748 2734 perso-

257 2758 338 2787 nae
374 2745 450 2788 vix
492 2747 723 2804 potuerint
765 2748 911 2807 eliqua
951 2755 1044 2791 arte
1085 2749 1190 2792 satis
1223 2750 1342 2794 clare
1380 2750 1599 2808 exprimi.
1645 2750 1748 2796 hinc
