1748 3224
604 277 643 307 ιιι
679 277 845 307 ιιΕειουι
879 276 1054 307 scvrvm.
1490 260 1577 306 111

78 392 238 450 pidum
270 393 515 451 congeries,
561 395 632 435 vel
664 394 898 444 columna,
942 394 1012 436 vel
1045 393 1168 435 aliud
1198 392 1322 450 quid.
1383 392 1491 437 Vid.
1520 392 1576 436 Il.

78 468 134 510 A.
159 468 243 510 371
260 483 367 526 seq„
389 469 448 512 Π.
473 470 573 520 458,
593 468 639 511 Ρ.
655 470 740 510 434
760 483 862 525 seq„
886 469 943 511 Ψ.
967 468 1068 518 329,
1091 468 1202 523 3313
1224 467 1309 511 Od.
1329 467 1385 510 A.
1412 468 1469 510 76
1487 482 1576 524 seq.

139 535 261 590 ἆῖδὲς
283 532 701 601 ποίησεν”Α.ναυρος”]
732 544 981 587 Thessaliae
1002 544 1186 599 fluvius,
1204 552 1336 587 notus
1362 545 1498 587 etiam
1521 558 1579 586 ex

77 619 242 662 Iasonis
272 619 474 664 historia.
521 619 625 663 Vid.
654 619 865 677 Apollon.
899 620 988 664 Rh.
1023 620 1057 664 I.
1091 620 1132 663 9.
1196 619 1279 663 Sed
1315 620 1506 663 eundem
1535 628 1580 663 et

75 693 312 752 Euripides
356 703 579 738 memorat
625 696 675 738 in
726 695 854 738 Herc.
900 696 1006 738 Fur.
1058 711 1102 739 ν.
1152 698 1237 740 387
1283 696 1350 739 ed.
1387 696 1577 748 Matth.‚

73 770 351 814 coniunctim
378 770 444 814 ibi
471 786 575 813 cum
602 771 832 813 mentione
855 771 966 814 caesi
993 770 1047 813 ab
1069 771 1258 814 Hercule
1286 770 1445 829 Cycni.

136 937 177 966 v.
203 922 307 965 478.
349 915 505 982 ὄμβρῳ
548 916 762 981 χειμερίῳ
801 913 986 978 πλήθων]
1055 920 1126 964 Sic
1158 913 1399 980 χειμερίοιο
1431 913 1579 978 ῥέεθρα

76 992 284 1056 Ἀναύρου
316 1006 628 1041 memorantur
657 998 712 1040 ab
745 998 957 1056 Apollon.
990 998 1081 1041 Rh.
1112 999 1146 1040 l.
1177 1013 1215 1040 c.

139 1066 223 1120 τὼς
253 1064 345 1132 γάρ
378 1086 452 1130 μιν
487 1066 716 1116 Ἀπόλλων
749 1086 792 1116 κ.
828 1086 876 1115 τ.
904 1066 976 1131 λ..-]
1048 1072 1275 1130 Apollini,
1321 1079 1373 1114 ut
1416 1071 1578 1114 maiori

73 1149 187 1200 Deo,
220 1149 291 1191 ius
317 1146 427 1192 erat¹
445 1147 494 1190 in
524 1148 765 1192 minorem.

132 1315 176 1344 v.
202 1302 302 1345 480.
345 1293 426 1357 βίῃ
470 1293 684 1356 σύλασκε]
758 1299 890 1358 Apud
932 1299 1199 1358 Euripidem
1237 1300 1270 1342 1.
1311 1314 1350 1341 c.
1402 1313 1445 1341 V.
1488 1298 1575 1341 388

74 1375 280 1434 Cycnum
325 1366 620 1429 ξεινοδαΐκταν,
645 1374 877 1432 hospitum
906 1373 1263 1426 interfectorem,
1295 1373 1385 1416 dici
1414 1372 1576 1423 videas,

73 1466 176 1495 cum
195 1451 268 1495 hio
285 1459 465 1511 tantum
487 1451 532 1494 vi
553 1444 760 1509 spoliasse
776 1465 846 1492 eos
859 1450 1048 1493 dicatur.
1071 1449 1154 1494 Sed
1177 1450 1231 1492 ab
1256 1449 1391 1492 huius
1411 1448 1577 1491 carmi-

74 1527 144 1570 nis
157 1527 415 1571 narratione
434 1526 527 1570 abit
547 1526 682 1569 etiam
694 1525 936 1583 Euripides
961 1541 1027 1578 eo,
1049 1525 1165 1582 quod
1187 1524 1357 1583 sagittis
1375 1525 1578 1568 Herculis

73 1601 362 1646 intersectum
378 1601 588 1660 Cycnum
617 1602 770 1644 tradit.
797 1600 1006 1644 Ceterum
1035 1608 1208 1659 peracta
1238 1615 1420 1658 quoquo
1445 1600 1579 1643 modo

75 1678 220 1737 Cycni
250 1678 397 1722 caedes
427 1688 516 1720 non
549 1678 629 1720 diu
655 1677 851 1736 Delphos
879 1676 1135 1736 petentibus
1162 1681 1316 1719 tutum
1346 1677 1434 1719 iter
1453 1691 1579 1734 prae-

76 1754 190 1799 buit.
227 1751 365 1798 Paulo
392 1762 491 1813 post
523 1754 644 1797 enim
679 1753 833 1812 templa
856 1753 1073 1812 profanus
1102 1752 1224 1795 Invia
1254 1768 1346 1808 cum
1378 1752 1580 1810 Phlegyis

79 1830 282 1888 Delphica
323 1830 514 1872 Phorbas
557 1829 689 1880 fecit,
735 1844 824 1886 quo
865 1835 1040 1871 coactus
1087 1817 1226 1886 Ceyx¹
1259 1827 1311 1870 ad
1353 1826 1580 1885 Apollinis

75 1905 217 1950 Clarii
247 1921 292 1949 se
321 1907 555 1949 oraculum
584 1903 808 1957 conferre,
840 1903 1074 1963 naufragio
1106 1904 1258 1962 periit.
1315 1903 1419 1947 Vid.
1445 1901 1578 1946 Ovid.

73 1981 153 2024 XI.
190 1981 295 2025 Met.
330 1983 416 2026 410
445 1996 561 2039 seqq.
