1742 3294
660 239 967 277 PRAEFATIO.
1504 241 1562 275 XI

67 378 224 428 usque
253 357 736 411 hemeterhusianam
770 356 1097 409 descendebat
1103 375 1118 422 3
1143 357 1417 407 sententiae
1439 357 1565 407 diffi-

68 453 280 506 cultates
310 468 684 518 nonnumquam
715 449 1174 516 praetermittebat,
1209 467 1422 517 quarum
1453 467 1567 500 eno-

69 547 320 599 dationem
349 549 439 597 aut
461 546 626 595 minus
652 549 852 612 gratam
881 544 1190 594 auditoribus
1217 544 1321 595 fore
1347 550 1566 611 putaret,

69 644 157 691 aut
195 656 294 689 non
332 643 439 690 tam
466 637 794 689 necessariam
826 654 961 702 esse,
994 640 1054 686 ut
1091 636 1183 687 hac
1217 638 1400 688 omissa
1433 636 1569 687 haud

68 733 190 786 satis
218 736 393 800 aperta
420 735 585 782 essent
615 730 801 781 Poetae
828 729 994 781 verba.
1050 729 1362 796 Properabat
1392 729 1455 779 ad
1485 728 1572 779 de-

67 826 437 887 clamationem,
489 842 615 892 quae
664 824 947 890 discipulis,
988 824 1075 891 qui
1120 818 1322 891 quidem
1366 829 1569 890 possent

0 912 13 949 1

0 967 14 1163 ἓ

0 906 12 963 J
66 918 374 988 intelligere,
405 917 548 985 quasi
580 921 884 968 monstraret
916 916 1140 984 singulas
1169 917 1382 966 virtutes
1411 917 1571 982 poe'ti-

69 1030 174 1078 cas3
220 1011 371 1079 idque
407 1029 546 1076 voce,
589 1010 760 1076 vultu,
801 1014 949 1078 gestu
989 1011 1064 1061 ita
1102 1009 1343 1060 efficiebat
1377 1015 1435 1059 ut
1465 1027 1570 1059 mo-

7 1123 9 1126 ·
69 1104 199 1156 desti
225 1104 427 1155 iuvenes
455 1104 539 1154 vix
572 1102 809 1169 plausum
843 1102 1142 1153 cohiberent.

136 1194 443 1246 Convocabat
475 1199 737 1261 praeterea
766 1194 830 1245 ad
861 1212 912 1244 se
941 1195 1088 1245 certis
1114 1194 1249 1244 horis
1274 1194 1570 1260 vespertinis

71 1289 426 1357 provectiores,
462 1287 756 1356 quibuscum
790 1306 1027 1356 graecum
1053 1288 1346 1354 scriptorem
1380 1288 1573 1355 legeret

7 1358 10 1364 “
25 1362 39 1383 N

11 1382 16 1450 J
69 1387 122 1434 et
163 1382 327 1450 patrio
367 1398 590 1431 sermone
626 1380 1061 1447 interpretandum
1097 1384 1330 1446 poneret3
1366 1384 1571 1447 eratque

68 1473 190 1526 haec
224 1479 484 1542 tamquam
519 1473 757 1524 esoterica
792 1473 1080 1523 exercitatio
1110 1472 1252 1522 utilis
1283 1478 1335 1522 et
1365 1480 1574 1540 propter

0 1608 9 1620 1
68 1566 478 1619 confabulationis
514 1566 813 1617 suavitatem
858 1565 1241 1616 iucundissima:
1296 1583 1385 1615 nec
1428 1565 1570 1616 dubi-

0 1630 27 1768 ‚f

12 1914 13 1919 ¹
70 1852 190 1899 runt
219 1865 414 1915 quoque
431 1833 471 1898 ¹e
502 1846 747 1913 Lennepii
775 1845 942 1897 schola
972 1846 1318 1910 Hamakerus,
1344 1846 1573 1896 Reuven-

69 1661 168 1713 tari
206 1665 373 1728 potest
407 1660 530 1728 quin
568 1660 690 1711 haec
729 1659 982 1710 institutio
1013 1677 1213 1709 sensum
1255 1677 1572 1727 amoremque

70 1752 232 1821 pulcri
263 1754 317 1804 in
352 1753 638 1804 auditorum
673 1753 853 1804 animis
886 1753 1189 1803 excitaverit.
1253 1752 1352 1802 Sed
1379 1752 1574 1818 prodie-

8 1951 15 2003 ’,
71 1941 174 1993 sius
184 1980 200 2007 ,
229 1940 439 2008 aliique,
474 1958 536 1990 ne
566 1940 862 2007 superstites
891 1957 1293 2004 commemorem,
1333 1940 1419 2006 qui
1450 1939 1575 1990 Gra-

12 2058 16 2098 2
69 2034 156 2087 tiis
196 2034 400 2103 quidem
435 2051 575 2085 sacra
613 2033 775 2085 facere
807 2034 1014 2083 minime
1049 2037 1445 2099 contemnerent,
1489 2033 1575 2084 sed

11 2165 17 2183 ‚·
72 2127 197 2180 dura
236 2145 511 2196 asperaque
550 2131 620 2178 et·
640 2127 842 2194 spinosa
883 2131 1181 2193 appeterent
1223 2126 1386 2194 magis
1425 2142 1575 2194 quam

72 2222 311 2287 vitarent,
339 2226 398 2272 ut
427 2221 607 2290 quibus
635 2221 827 2288 ingenii
855 2221 986 2271 vires
1019 2219 1376 2287 solertiamque
1403 2219 1575 2270 iudicii

12 2311 20 2385 J
58 2314 352 2373 *confirmari
378 2314 636 2366 sentirent.
701 2313 848 2364 Tales
878 2318 1048 2363 autem
1080 2313 1414 2363 adolescentes
1447 2312 1575 2362 Len-

72 2408 252 2475 nepius
298 2425 392 2476 ope
404 2447 418 2475 ,
471 2407 674 2459 consilio
720 2407 1054 2477 sfflsidiisque
1107 2425 1133 2456 e
1183 2406 1578 2472 locupletissima

73 2499 375 2553 bibliotheca
413 2519 504 2554 sua
553 2501 695 2570 large
747 2500 973 2566 iuvabat,
1014 2499 1311 2566 videturque
1355 2495 1553 2549 omnino
1564 2537 1577 2562 ,

77 2595 386 2662 experientia
412 2594 583 2646 doctus
595 2633 611 2660 ,
643 2594 940 2645 severiorem
966 2592 1170 2643 docendi
1198 2593 1444 2643 rationem
1468 2610 1581 2642 con—

6 2696 9 2702 ²
75 2686 282 2756 iungere
328 2687 542 2739 voluisse
581 2705 696 2739 cum
730 2687 923 2738 modica
955 2686 1170 2754 quadam
1200 2685 1450 2737 doctrinae
1481 2685 1581 2735 dis-

0 2792 17 2853 ζ
76 2781 365 2847 pensatione
414 2781 469 2831 in
531 2781 743 2832 statione
803 2780 1282 2832 amstelaedamensi.
1370 2780 1579 2830 Planius

0 2879 9 2952 δ’
79 2874 425 2941 exponendum
458 2874 656 2926 videtur
690 2874 812 2942 quid
845 2873 1013 2926 velim.

1609 0 1742 155 ,Χ
