1748 3224
611 256 651 285 m
686 254 850 287 ansioni
881 254 1059 284 scvrvm.
1497 241 1590 290 109

81 375 193 407 torve
225 371 405 409 intuens.
468 366 695 412 Similiter
726 369 781 413 Il.
818 368 871 413 O.
906 371 988 414 13:
1030 360 1148 412 δεινὰ
1193 360 1234 412 δ’
1283 361 1448 428 ὑπόδρα
1496 363 1591 415 {ditm

71 433 204 498 ‘'Hpnv
238 435 343 498 πρὸς
376 434 511 497 μῦθον
543 436 694 487 ἔειπεν.

130 605 180 633 fv.
224 592 309 635 448
349 587 574 650 εΙ-Ιρακλέα
611 595 885 646 notandum,
916 610 1020 637 cum
1052 595 1112 637 sit
1140 595 1290 653 Epicis
1315 596 1456 654 magis
1484 610 1588 654 pro·

77 666 232 723 prium
264 662 505 726 Ἡρακλῆα.
568 669 733 712 Fuitne
763 666 971 713 κτείναντ’
993 662 1254 729 ἩρακλῆαΊ
1281 670 1361 715 Sed
1386 679 1450 714 est
1466 669 1588 725 infra

75 757 250 799 quoque
286 758 326 788 V.
363 744 448 788 458
487 739 708 803 Ἡρακλέα
745 746 1053 805 trisyllabum.
1121 746 1251 792 Conf.
1292 756 1336 791 et
1367 748 1421 792 H.
1453 746 1587 790 Hom.

79 817 124 859 iu
156 817 284 861 Herc.
321 835 365 862 v.
393 820 432 862 1.

138 983 179 1012 v.
203 970 304 1014 451.
346 964 495 1029 φλογὶ
525 963 690 1029 ἐίκελα]
714 973 924 1028 flammae
957 979 1094 1015 instar
1122 978 1404 1017 coruscantia.
1455 971 1588 1018 Conf.

77 1059 206 1102 supra
233 1046 351 1088 dicta
379 1062 422 1091 v.
458 1047 560 1092 322.

137 1211 179 1240 v.
204 1198 305 1242 456.
345 1190 603 1258 ὀρεξαμένη]
654 1214 712 1243 sc.
759 1192 911 1258 χειρί,
953 1201 1071 1257 quod
1121 1200 1303 1253 additur
1349 1199 1438 1243 Th.
1485 1202 1585 1244 178.

75 1271 217 1315 Pallas
241 1273 384 1331 igitur
415 1290 550 1318 manu
582 1283 763 1318 extensa
793 1275 965 1318 hastam
994 1275 1174 1328 Martis,
1206 1290 1317 1332 quae
1344 1275 1394 1318 in
1422 1274 1588 1318 Hercu-

74 1346 130 1388 lis
154 1362 315 1405 corpus
338 1346 587 1402 ferebatur,
625 1349 688 1392 ita
712 1349 938 1407 declinare
967 1349 1098 1402 fecit,
1133 1357 1185 1392 ut
1213 1351 1264 1393 in
1291 1350 1386 1393 eius
1411 1359 1587 1394 scutum
1604 1345 1613 1357 ³

76 1420 359 1480 impingeret.
422 1422 603 1467 Similia
641 1424 870 1468 Minervae
903 1424 1018 1468 facta
1063 1426 1112 1468 in
1148 1427 1339 1469 salutem
1371 1426 1584 1479 heroum,

73 1496 235 1554 quibus
265 1496 467 1551 favebat,
501 1497 763 1542 referuntur
795 1500 850 1543 Il.
882 1499 936 1542 Δ.
974 1501 1058 1544 129
1088 1515 1220 1559 seqq„
1252 1502 1304 1577 E.
1334 1503 1422 1546 853
1442 1517 1555 1560 seqq.

79 1700 86 1704 ᾗ
134 1664 176 1692 v·
215 1650 300 1693 460
339 1651 547 1708 spurium
589 1650 750 1694 habuit
787 1651 1000 1704 Guietus;
1042 1652 1187 1707 male,
1234 1651 1271 1694 si
1299 1652 1411 1710 quid
1439 1652 1582 1695 video.

74 1724 263 1767 Versum
305 1725 427 1767 enim
459 1726 546 1771 334
577 1726 613 1768 si
648 1725 881 1784 inspicias,
914 1725 1148 1784 apparebit
1182 1741 1304 1769 nunc
1334 1725 1584 1784 perfectum

74 1800 227 1852 fuisse,
256 1800 372 1857 quod
402 1799 497 1843 fore
528 1801 814 1860 praedixerat
846 1801 1065 1845 Minerva.

729 1932 735 1935 ,
1174 1914 1189 1935 N

136 1967 178 1994 v.
208 1952 288 1997 461
323 1965 409 2009 seq.
474 1951 684 2012 Suspecta
711 1953 767 1996 ob
797 1945 937 2000 σάκος
967 1953 1119 2010 priore
1149 1954 1282 2012 longa
1307 1962 1351 1996 et
1379 1962 1584 1997 constru-

72 2026 266 2069 ctionem
285 2018 462 2084 δούρατι
480 2020 698 2084 νωμήσας,
716 2029 848 2072 verba
869 2020 945 2072 διὰ
967 2019 1240 2083 δῖε-νωμήσας
1270 2029 1457 2072 delenda
1480 2044 1580 2073 cen-

71 2101 162 2143 suit
192 2101 400 2154 Guietus,
434 2103 611 2146 uncinis
636 2104 856 2147 inclusere
890 2103 1062 2155 Heinr„
1100 2103 1258 2156 Gaisf„
1299 2104 1436 2147 Dind.
1499 2103 1584 2148 Sed

72 2178 202 2236 poeta
240 2173 399 2236 σαρκὸς
429 2179 632 2231 dederat,
666 2195 745 2222 nec
775 2181 1049 2223 constructio
1068 2179 1371 2229 >ostensionem
1392 2178 1582 2230 creabit,

71 2251 107 2293 si
138 2244 313 2311 δούρατι
345 2254 502 2313 iungas
531 2270 637 2297 cum
669 2247 833 2312 ἄραξε,
866 2271 957 2298 non
983 2270 1087 2297 cum
1120 2247 1345 2310 νωμήσας,
1375 2254 1493 2311 quod
1513 2269 1583 2297 ac-

70 2329 321 2372 cusa-tivum
352 2329 483 2388 regit.
548 2330 651 2375 Vid.
685 2329 817 2373 Hom.
851 2330 907 2373 11.
940 2330 991 2372 Γ.
1025 2331 1134 2382 218,
1166 2331 1217 2374 Ε.
1251 2331 1360 2382 594,
1394 2329 1448 2375 H.
1477 2330 1580 2375 238.

72 2403 354 2462 ineptissime
397 2412 548 2448 autem
591 2405 698 2448 haec
745 2405 904 2448 Latine
945 2405 1000 2448 ab
1043 2404 1368 2463 Interpretibus
1406 2404 1582 2449 reddita

71 2478 193 2533 hasta
219 2496 498 2540 perrumpens
529 2482 601 2524 vel
633 2480 847 2532 dividens,
879 2496 986 2523 cum
1018 2481 1078 2523 sit
1107 2479 1252 2537 νωμᾶν
1304 2480 1423 2523 idem
1462 2480 1580 2538 quod

58 2550 248 2598 ‹cnon-eru
289 2554 399 2613 (vid.
440 2556 630 2602 Wessel.
673 2556 726 2599 ad
770 2556 932 2599 Herod.
968 2556 1044 2601 IV.
1088 2555 1190 2613 128)
1233 2563 1275 2600 et
1314 2556 1451 2598 huius
1491 2555 1581 2600 loci

73 2630 178 2672 haec
216 2631 459 2674 sententia:
504 2631 739 2684 Hercules,
787 2632 954 2675 directa
991 2631 1039 2674 in
1070 2631 1228 2674 Martis
1255 2629 1430 2683 femur,
1461 2632 1580 2690 quod

73 2704 351 2750 indefensum
383 2707 711 2759 observaverat,
747 2708 896 2760 hasta,
931 2707 1129 2751 multum
1158 2707 1262 2751 inde
1284 2706 1429 2751 carnis
1452 2707 1577 2752 avul-

71 2788 143 2822 sit.
