1748 3224
581 246 622 275 m
656 244 827 275 nssmm
857 243 1032 274 scvrvn.
1487 222 1554 270 89

96 359 220 403 Tria
248 358 398 417 priora
427 357 562 401 huius
586 371 734 400 versus
766 354 919 407 verba,
952 361 1002 397 ut
1032 353 1234 405 Hesiodi,
1263 353 1374 396 citat
1399 352 1548 398 Schol.

53 434 277 494 Lycophr.
315 435 368 477 ad
401 447 444 477 v.
480 433 606 476 1124.

111 601 152 629 v.
177 587 278 630 331.
323 574 416 628 εὖτ’
452 576 507 627 ἂν
538 575 594 637 δὴ
626 581 783 626 Κύκνον
815 584 898 641 γλ.
934 575 1046 624 κῖὦν.
1070 573 1290 639 ἀμέρσῃς]
1328 573 1552 639 Εἶρωνικῶς

51 661 103 705 ad
116 661 163 706 h.
178 663 210 705 1.
223 662 446 709 Wolfius:
471 660 808 712 ammirabilis,
827 659 990 717 inquit,
1005 666 1068 700 est
1085 657 1366 715 providentia
1382 657 1552 701 divina.

50 738 240 783 Praescit
278 739 390 790 Dea,
433 737 642 796 Cygnum
677 737 757 779 etsi
797 734 1028 779 defensum
1070 749 1092 776 a
1122 742 1249 791 patre
1280 733 1423 777 Marte
1448 749 1554 791 pro-

49 822 294 874 pugnatore
321 814 523 872 primum
557 826 763 855 casurum
795 814 929 854 esse.”
972 809 1070 861 Sed,
1097 824 1168 851 me
1183 809 1363 867 quidem
1393 809 1550 861 iudice,

48 905 141 933 non
193 889 345 933 minus
405 886 701 946 probabiliter
752 886 954 930 Minerva
1003 885 1074 927 hic
1116 885 1350 928 inducitur
1389 885 1550 936 sciens,

47 965 155 1023 quid
196 972 306 1008 esset
357 955 534 1020 οἷίσιμον
579 962 786 1013 Herculi,
831 962 1067 1019 qualesque
1104 959 1250 1003 futuri
1292 968 1432 1004 essent
1471 977 1553 1019 pu-

46 1041 302 1099 gnae-inter
324 1055 434 1083 eum·
453 1039 745 1097 Cycnumque
773 1045 817 1081 et
838 1038 1038 1081 Martem
1054 1045 1256 1089 eventus,
1280 1051 1414 1095 quam
1435 1038 1552 1095 apud

47 1115 296 1159 Homerum
329 1116 383 1158 11.
417 1114 468 1159 Φ.
501 1116 588 1158 290
612 1128 726 1172 seqq.
754 1129 858 1156 cum
880 1113 1086 1172 Neptuno
1110 1113 1300 1171 praescia
1322 1112 1554 1156 inducitur

45 1190 196 1235 futuri
237 1200 419 1236 eventus
456 1195 637 1250 'pugnae
684 1191 802 1233 inter
850 1190 1074 1234 Achillem
1125 1197 1168 1232 et
1210 1188 1405 1232 fluvium
1447 1187 1552 1233 Sca-

45 1268 305 1311 mandram.

103 1434 146 1463 v.
172 1419 272 1463 332.
313 1412 494 1474 τὸνμὲν
526 1412 662 1460 ’ἐπει-τ’
692 1417 830 1460 αὐτοῦ
855 1409 1042 1475 λιπέειν]
1105 1417 1303 1460 Prudens
1325 1417 1552 1460 Minervae

44 1494 274 1537 monitum
316 1494 404 1536 huc
437 1494 657 1552 pertinet,
687 1509 743 1536 ne
779 1492 896 1536 forte
929 1493 975 1535 in
1000 1493 1205 1536 exuendo
1239 1492 1392 1551 Cycno
1419 1507 1550 1534 occu-

43 1577 174 1628 patus
192 1569 402 1613 Hercules
429 1570 582 1612 minus
607 1568 692 1612 sibi
718 1568 772 1611 ab
798 1569 998 1611 irruente
1019 1568 1160 1611 Marte
1182 1575 1369 1612 caveret.
1402 1567 1552 1624 Itaque

43 1645 189 1704 Cycni
215 1645 530 1703 spoliationem
558 1644 675 1687 haud
706 1643 832 1702 prius
860 1658 963 1686 eum
991 1658 1198 1702 peragere
1227 1643 1370 1695 iubet,
1415 1657 1548 1700 quam

42 1729 85 1764 et
131 1720 320 1764 Martem
363 1720 649 1763 vulneratum
695 1719 743 1761 in
786 1717 943 1778 fugam
980 1718 1180 1762 verterit.
1261 1718 1390 1762 Conf.
1430 1717 1551 1760 infra

42 1812 84 1840 v.
122 1797 205 1840 467
239 1811 355 1854 seqq.

101 1964 144 1992 v.
168 1950 270 1993 338.
314 1942 443 1994 αὐτὸς
475 1939 527 1991 δὲ·
565 1948 839 1991 reddendum
876 1962 978 1990 cum
1020 1946 1194 1994 Wolfio
1234 1955 1277 1988 tu
1315 1953 1404 2006 ipse
1436 1963 1545 1991 vem.

41 2023 350 2083 Opponuntur
385 2023 472 2066 sibi
507 2023 700 2067 invicem
734 2017 807 2064 τὸν
851 2019 931 2078 μὲν
976 2029 1019 2064 et
1060 2015 1192 2067 αὐτὸς
1238 2013 1300 2065 δέ.
1370 2022 1549 2066 Geelius

41 2107 190 2143 autem
223 2112 348 2142 meus
378 2093 508 2141 αὑτὸν
536 2090 583 2142 δὲ
612 2115 635 2141 a
668 2101 798 2157 poeta
826 2096 1079 2156 profectum
1106 2098 1310 2149 coniicit,
1340 2106 1390 2140 ut
1409 2113 1547 2156 oppo-

40 2183 208 2219 nantur
237 2175 323 2218 sibi
356 2175 551 2219 invicem
585 2174 765 2233 Cycnus
795 2172 1057 2217 interfectus
1088 2182 1131 2215 et
1162 2173 1293 2216 Mars.

100 2341 142 2370 v.
167 2327 267 2369 334.
309 2318 407 2370 ἔνθα
423 2337 471 2369 κε
485 2317 770 2384 γυμνωθέντα
784 2317 948 2371 σάκευς
967 2316 1056 2366 ὕπο
1076 2315 1206 2380 daca]
1230 2325 1404 2382 i.e.qua
1420 2332 1547 2383 parte

38 2400 120 2443 sub
157 2402 318 2460 clypeo
355 2417 445 2445 non
485 2402 573 2444 nisi
615 2402 841 2460 superiora
883 2400 1084 2458 corporis
1122 2408 1296 2457 tegente
1325 2401 1543 2443 nudatum

38 2476 217 2520 videris.
278 2477 431 2535 Itaque
475 2477 683 2521 Hercules
720 2475 841 2520 infra
876 2493 916 2521 v.
953 2478 1055 2520 460:
1102 2469 1233 2533 μηρὸν
1263 2468 1548 2534 γυμνωθέντα

37 2543 144 2594 coza,
192 2544 280 2594 ὕπο
318 2544 431 2596 δαιδ.
483 2548 661 2596 Ob'wcr’
695 2545 974 2610 ἐπικρατέως.
1046 2549 1224 2609 Στέρνον
1264 2543 1547 2609 γυμνωθέντα

37 2620 140 2683 παρ’
173 2618 350 2671 ἀσπίδα
379 2628 500 2671 dixit
531 2628 749 2672 Homerus
777 2629 830 2670 Il.
856 2629 912 2671 ss.
938 2629 1023 2671 312
1044 2628 1098 2670 de
1129 2642 1204 2679 e0,
1237 2627 1364 2670 cuius
1392 2634 1543 2686 pectus

37 2717 121 2760 pro
153 2710 280 2760 parte
309 2703 483 2746 nudum
517 2705 701 2763 clypeus
724 2704 981 2762 reliquerat.
1026 2702 1155 2747 conf.
1179 2710 1223 2744 et
1255 2703 1308 2746 ΙΙ.
1343 2702 1396 2746 Λ.
1430 2704 1538 2755 424,

37 2793 234 2836 quaeque
265 2780 317 2822 ad
351 2795 452 2822 eum
488 2781 634 2823 locum
670 2781 841 2825 notavit
866 2781 1093 2839 Koeppen.
