1748 3224
564 201 606 231 m
638 199 802 231 unsxom
831 199 1007 231 sevi-vn.
1470 185 1531 234 13

31 326 113 370 net.
146 314 570 373 „simplicissimum
601 316 723 358 enim
754 323 842 368 est,
875 323 924 359 ut
954 306 1008 362 ὥς
1038 315 1084 360 h.
1115 316 1147 358 l.
1183 315 1238 358 ad
1267 330 1448 372 sequens
1477 310 1531 362 ὡς

0 394 5 417 ³*
28 391 266 454 peferatur.
330 390 532 446 Plerique
573 397 723 432 tamen
757 391 853 435 VV.
886 391 979 434 DD.
1021 386 1096 432 καὶ
1127 381 1181 437 ὥς
1221 391 1530 450 accipiendum

0 467 296 529 {pensuarunt
335 466 401 507 vel
428 471 510 518 sic,
551 464 651 507 talis
682 481 774 506 cum
804 475 914 507 esset
922 477 934 517 ‚'
974 481 1060 524 qua
1095 467 1269 510 ratione
1302 475 1531 526 acceptum

0 540 287 603 !,3Robinsono
320 541 516 600 lepidam
546 540 702 584 elicuit
740 540 789 583 in
825 541 895 584 sui
924 542 1138 600 temporis
1166 543 1374 588 mulieres
1402 543 1532 587 inve-

0 617 212 680 nsbtivam.
255 616 456 663 Wolfius
482 623 631 659 autem
655 630 759 658 cum
788 615 1049 659 Heinrichio
1079 617 1132 659 ad
1156 633 1199 660 v.
1229 620 1278 661 11
1307 619 1535 677 pertinere

23 687 223 744 {censuim
264 693 500 748 locumque
541 690 603 733 sic
641 691 940 734 reddendum:
987 691 1054 732 Ea
1086 701 1254 734 tamen
1298 709 1353 736 ex
1391 699 1534 736 animo

30 759 307 812 ,venerabatur
345 772 560 825 coniugem
597 782 717 809 suum
733 798 746 818 ,
781 771 890 809 sicut
923 766 1040 809 nulla
1073 781 1251 826 unquam
1285 769 1504 812 mulierum
1517 802 1530 823 ,

33 849 137 918 feei
167 851 342 902 patrem
375 842 597 886 eximium
627 847 711 900 ipsi
740 842 962 884 occiderat.

14 922 62 967 W

94 1011 136 1040 v.
171 997 238 1039 10.
301 995 492 1039 Nullum
515 1009 602 1037 esse
625 994 900 1037 luculentius
920 1003 1093 1052 poterat
1114 995 1351 1039 Alcmenae
1369 997 1418 1039 in
1438 1004 1533 1040 ma-

10 1071 176 1115 ritum
202 1069 378 1113 affectus
407 1069 627 1112 indicium
667 1085 801 1126 quam
829 1070 971 1128 quod,
998 1086 1101 1114 cum
1134 1079 1308 1129 patrem
1337 1072 1417 1115 ille
1440 1073 1536 1116 eius

2 1135 274 1195 accidisset,
317 1145 617 1188 nihilominus
656 1160 758 1189 eum
796 1146 995 1189 exsulem
1036 1154 1181 1189 secuta
1211 1155 1306 1191 erat
1342 1148 1529 1192 Thebas.

9 1208 86 1268 {1111
120 1209 144 1275 ἦ
173 1216 275 1278 μὲν,
320 1220 436 1278 quod
472 1219 776 1272 restituimus,
823 1228 916 1263 tam
955 1222 1101 1278 gravis
1144 1231 1207 1264 est
1246 1223 1531 1274 asseveratio,

3 1293 166 1362 vAquam
196 1296 246 1339 in
277 1297 456 1353 vulgato
489 1282 513 1348 ἦ
543 1289 637 1351 μὴν.
700 1293 830 1340 conf.
863 1296 1120 1354 Hoogeveen
1148 1298 1202 1340 de
1231 1298 1389 1356 partic.
1424 1298 1531 1356 Cap.

0 1363 154 1454 gtxxl.
179 1371 296 1417 sect.
325 1372 403 1415 111.
433 1372 460 1428 5
490 1375 530 1416 5.

0 1455 15 1474 ,.

0 1507 45 1563 ἶ
95 1540 136 1568 v.
172 1525 241 1568 ll.
303 1523 448 1569 Verba
488 1524 538 1566 in
581 1523 664 1566 hoc
708 1538 833 1566 versu
875 1513 947 1580 ’ἶφι
983 1516 1229 1579 δαμάσσας
1269 1533 1312 1568 et
1354 1526 1403 1568 in
1445 1540 1530 1584 seq.

35 1592 302 1660 χωσάμενος
334 1594 431 1658 περὶ
458 1592 594 1656 βουσὶ
625 1599 830 1643 dubitare
856 1616 934 1643 nos
957 1601 1037 1644 vix
1057 1602 1236 1651 sinunt,
1266 1600 1377 1659 quin
1396 1601 1532 1659 signi-

3 1686 10 1721 ,ῑ
35 1677 166 1720 ficare
203 1679 333 1735 poeta
363 1676 578 1727 voluerit,
609 1683 706 1718 orta
739 1675 792 1718 de
824 1675 964 1718 bubus
999 1677 1284 1720 contentione
1322 1677 1375 1719 ab
1418 1677 1533 1720 irato

0 1734 9 1820 ξ
37 1752 369 1811 Amphitryone
399 1751 446 1795 vi
469 1751 761 1795 interemtum
785 1749 918 1794 fuisse
941 1752 1272 1809 Electryonem.
1322 1753 1533 1796 Attamen

0 1822 7 1883 ἱ
35 1828 128 1886 ipsa
167 1828 248 1871 illa
279 1839 398 1887 χωσ.
431 1838 483 1868 π.
512 1819 563 1882 β.
603 1827 720 1869 male
758 1834 932 1884 accepta
967 1836 1120 1870 ortum
1154 1828 1371 1871 dederunt
1400 1828 1533 1871 alteri

38 1904 289 1955 traditioni,
316 1918 427 1961 quae
449 1903 567 1961 apud
594 1902 803 1960 Apollod.
840 1903 896 1946 II.
938 1917 1003 1948 1v.
1044 1905 1074 1946 6
1093 1891 1151 1946 ‘et
1178 1885 1241 1948 io.
1282 1904 1532 1947 Diaconum

0 1972 5 1988 '
37 1980 89 2023 ad
126 1979 172 2025 h.
203 1979 236 2024 1.
273 1986 440 2030 exstat,
479 1979 638 2022 bovem
678 1993 701 2021 a
736 1993 863 2036 grege
895 1979 1176 2036 divagantem
1208 1979 1390 2037 indigne
1420 1981 1532 2024 Am—

38 2055 224 2114 phitryo
274 2053 419 2098 ferens
470 2069 574 2097 oum
614 2054 738 2096 clava
779 2054 939 2096 iniecta
980 2062 1171 2112 peteret,
1219 2053 1392 2099 infelici
1430 2070 1531 2098 casu

0 2126 9 2171 Q
35 2142 231 2175 socerum
261 2145 394 2173 suum
421 2129 638 2173 occidisse.
702 2126 840 2186 Magis
874 2129 1008 2172 etiam
1042 2146 1064 2172 a
1094 2131 1248 2187 poetae
1278 2130 1535 2174 narratione

34 2206 238 2256 discedit,
260 2205 378 2262 quod
401 2203 644 2248 Scholiasta
669 2203 721 2246 ad
747 2203 956 2262 Apollon.
977 2204 1066 2248 Rh.
1086 2204 1119 2248 Ι.
1145 2206 1229 2248 747
1249 2206 1377 2249 omni
1396 2206 1531 2264 culpa

35 2281 418 2340 Amphitryonem
456 2278 650 2323 liberans
687 2279 850 2331 tradit,
891 2278 1177 2323 interfectum
1218 2296 1240 2324 a
1271 2281 1456 2339 Taphiis
1486 2289 1535 2324 et

36 2356 235 2400 Telebois
263 2357 607 2413 Electryonem,
649 2355 823 2397 caedem
860 2354 994 2396 huius
1028 2355 1083 2396 ab
1114 2355 1448 2413 Amphitryone
1482 2355 1532 2399 in

36 2432 130 2476 illis
158 2415 449 2482 vindicatam3
480 2429 557 2471 ubi
588 2444 701 2487 quae
726 2429 775 2471 in
805 2427 977 2471 Scholii
1000 2428 1090 2472 fine
1113 2430 1230 2488 apud
1253 2430 1530 2472 Brunckium

4 2545 5 2550 ,
36 2514 212 2551 exstant
232 2505 386 2550 verba:
417 2499 630 2564 ἡὶστορίοι
645 2498 805 2560 σαφῶς
818 2501 919 2562 παρ’
938 2497 1146 2563 Ἡσιόδῳ,
1176 2505 1531 2548 additamentum

0 2595 7 2641 ᾖ
36 2589 142 2626 sunt
165 2581 421 2639 posterioris
446 2596 628 2634 manus,
662 2582 780 2644 quod
809 2579 989 2625 Scholia
1015 2595 1072 2624 ex
1099 2580 1207 2625 cod.
1235 2581 1332 2624 Par.
1369 2580 1437 2640 (in
1464 2581 1534 2624 ed.

0 2649 2 2651 ’
37 2655 228 2715 Schaaf.)
268 2672 360 2700 non
395 2665 647 2715 agnoscunt.
706 2656 873 2701 Contra
899 2657 1123 2714 gravantis
1150 2656 1531 2716 Amphitryonem

31 2733 293 2776 traditionis
320 2732 511 2776 variatio
538 2740 681 2776 exstat
706 2733 754 2775 in
770 2731 894 2776 scuti
915 2731 1217 2790 Argumento,
1234 2733 1409 2776 tradens
1424 2732 1533 2776 Am·
