1742 3294
702 851 774 918 L.
841 852 900 918 S.

111 1163 387 1212 »Persuasum
423 1164 501 1206 sibi
534 1164 670 1213 habet,
709 1172 752 1206 ut
772 1155 957 1213 'videtum
992 1164 1288 1222 typoyraplzus,
1320 1166 1393 1207 diu
1422 1165 1554 1209 adhuc

3 1291 6 1296 ,
49 1240 94 1282 in
123 1240 221 1282 vivis
250 1254 311 1282 me
329 1239 535 1296 futurwm.
597 1239 681 1281 Sed
721 1240 834 1282 bonis
871 1240 919 1281 de
960 1240 1093 1281 causis
1129 1254 1199 1296 eqo
1237 1240 1356 1283 aliter
1396 1256 1555 1291 censeo,-

0 1302 10 1377 J*
49 1323 167 1372 atque
201 1316 290 1359 ideo
326 1316 410 1358 iam
441 1313 559 1358 XIV
599 1315 684 1358 dies
719 1315 918 1371 specimen
950 1315 1288 1372 typoyraphicum
1314 1316 1554 1360 vehementer

0 1387 11 1453 j,
48 1399 250 1448 exspecto,
284 1392 398 1434 cuius
426 1399 577 1440 tamen,
615 1393 727 1448 quod
755 1406 862 1434 nunc
892 1391 1038 1440 audio,
1070 1392 1266 1447 proximo
1298 1392 1456 1435 demum
1487 1394 1553 1436 die

0 1468 9 1518 J
32 1467 193 1511 Ἰκωιαθ
228 1468 388 1511 initium
415 1475 507 1511 sunt
527 1465 730 1525 facturi.”
783 1467 901 1510 Haec
936 1482 1060 1524 quum
1093 1468 1282 1511 scriberet
1320 1467 1553 1525 Lennepius

48 1560 88 1588 a.
119 1546 160 1588 d.
190 1544 265 1587 111
300 1544 400 1587 Kal.
440 1544 559 1587 Febr.
602 1560 642 1586 a.
682 1541 1044 1594 MDCCCLIII,
1075 1558 1284 1600 prospera
1312 1546 1433 1587 etiam
1466 1552 1552 1587 tum

47 1621 269 1664 valetudine
294 1629 425 1670 utens,
463 1628 499 1663 et
532 1621 615 1663 dici
639 1635 729 1662 vere
748 1628 883 1676 potest
912 1626 1092 1662 mortem
1119 1620 1326 1663 cecinisse
1355 1627 1404 1663 ut
1433 1627 1550 1663 vates

48 1697 161 1754 (obiit
178 1698 283 1740 enim
310 1713 349 1740 a.
372 1698 412 1740 d.
441 1696 508 1740 IV
526 1698 593 1740 Id.
618 1698 791 1739 eiusdem
815 1695 1002 1752 mensis),
1027 1704 1064 1739 et
1085 1696 1410 1745 sollio-inedium,
1429 1713 1551 1754 quam

7 1798 21 1806 ν
46 1782 225 1818 extrema
250 1775 332 1816 vita
358 1774 396 1816 ei
416 1774 578 1830 afferret
603 1771 725 1815 Scuti
753 1773 948 1830 vulqandi
973 1788 1095 1822 cura,
1130 1774 1228 1816 satis
1259 1775 1427 1831 inqenue
1450 1789 1550 1830 pro·

46 1851 162 1894 didit.
224 1851 295 1893 Me
319 1858 451 1893 autem
478 1865 549 1892 cur
577 1850 695 1891 leuius
715 1849 876 1892 solliciti
900 1850 1029 1891 animi
1057 1850 1122 1891 sui
1135 1849 1292 1906 faceret
1318 1851 1545 1899 certiorem,

44 1928 113 1971 via·
148 1927 233 1971 alia
270 1942 394 1969 causa
420 1927 506 1984 fuit
547 1941 670 1983 quam
711 1927 823 1990 quod
863 1925 1146 1967 humanissime
1189 1927 1353 1982 royanti
1381 1927 1547 1982 pridem

44 2019 174 2047 meam
210 2003 523 2060 qualemcunque
560 2018 728 2058 operam
771 2002 814 2043 in
846 2003 1047 2058 paranda
1091 1999 1215 2043 Senti
1252 2001 1423 2044 editione
1447 2017 1548 2058 pro·

3 2119 5 2121 .
43 2081 254 2128 miserarm
296 2093 396 2135 quae
434 2079 529 2134 ipsa
564 2092 629 2119 res
663 2077 784 2119 movit
819 2077 961 2118 deinde
997 2076 1173 2134 defuncti
1197 2076 1330 2134 filios,
1368 2085 1410 2118 ut
1447 2077 1547 2119 mihi

43 2155 288 2198 mandarent
312 2169 414 2210 quas
443 2155 527 2196 iam
557 2153 727 2195 sustineo
759 2153 926 2195 editoris
952 2159 1107 2209 partes.
1163 2151 1317 2205 Quibus
1339 2154 1545 2208 precibus,

46 2232 227 2288 quamvis
256 2231 369 2273 haud
399 2231 638 2272 mediocrem
655 2229 752 2286 fore
785 2229 964 2271 laborem
987 2231 1119 2284 probe
1148 2228 1426 2285 intdliqerem,
1456 2229 1544 2270 ideo

32 2307 230 2364 facillime
257 2308 372 2357 cessi,
408 2308 516 2363 quod
544 2306 658 2363 nefas
685 2306 896 2348 videbatur
914 2304 1065 2362 fallere
1086 2312 1307 2355 mortuum,
1332 2305 1397 2347 cui
1412 2305 1545 2362 fldem

43 2384 131 2426 vivo
163 2384 368 2426 dedissem.

104 2457 174 2501 Sic
205 2459 329 2516 iyitur
357 2457 436 2514 pia
469 2459 648 2518 quadam
678 2458 905 2500 necessitate
935 2457 1131 2498 adductus
1156 2456 1314 2512 qaudeo
1343 2457 1546 2512 equidern,

47 2534 156 2592 quod
184 2533 435 2590 aliquatenus
465 2532 602 2574 saltem
631 2532 735 2574 illud
759 2539 975 2588 praestare
999 2530 1172 2589 officium
1194 2532 1334 2587 potui,
1362 2532 1473 2587 quod
1491 2546 1546 2573 se-

45 2610 122 2652 mel
149 2617 267 2666 atque
291 2610 436 2651 iterum
460 2610 504 2650 in
533 2608 863 2666 Praefationibus
887 2608 1096 2663 utriusque
1120 2623 1147 2648 a
1168 2622 1208 2649 se
1232 2607 1328 2649 editi
1352 2607 1549 2650 Hesiodei

48 2686 236 2728 carminis
263 2686 342 2727 sibi
362 2684 592 2741 Lennepius
623 2685 803 2741 royavit:
834 2698 1006 2739 namque
1034 2683 1196 2724 omnino
1215 2690 1434 2738 praestare
1463 2697 1546 2725 non

46 2761 170 2804 licuit.
233 2761 338 2804 Sunt
377 2762 537 2818 quidem
578 2761 743 2802 schedae
779 2759 878 2801 mihi
917 2760 1113 2807 traditae,
1155 2760 1297 2816 quibus
1333 2758 1407 2800 Vir
1437 2757 1542 2800 Clar.

47 2849 122 2897 sua
145 2839 230 2894 ipse
258 2853 382 2880 manu
409 2838 563 2894 scripta
592 2836 743 2892 colleyit
769 2835 942 2877 Hesiodi
961 2834 1244 2890 Fragmenta,
1270 2835 1437 2877 adiectis
1452 2850 1547 2891 pas-
