1748 3224
261 211 292 258 4
848 225 1171 258 comussunmvs

262 351 339 392 τοῦ
390 343 462 392 τὸν
507 342 669 392 Ἰόλαον
701 339 743 388 ἓν
773 340 836 405 τῷ
872 340 1123 406 Καταλόγῳ
1161 335 1364 402 εὑρίσκειν
1402 339 1664 404 ἡνιοχοῦντα
1702 341 1748 403 ‘tq'

263 414 484 483 ‘Hpaemxezz
558 421 726 465 statuit
764 423 934 465 scilicet
972 422 1109 465 etiam
1140 412 1405 479 Κατάλογον
1445 436 1531 463 esse
1571 419 1748 478 Hesiodi

263 500 567 544 Stesichorum
596 497 883 540 Heinrichius
909 506 1026 540 certe
1054 499 1229 540 clarum
1252 498 1427 555 poetam
1453 496 1650 553 lyricum
1676 511 1748 536 nm

262 576 394 619 fuisse
421 575 551 617 dicit:
585 573 721 616 nimis
753 574 982 624 audacter,
1015 574 1065 616 ni
1095 573 1246 616 fallor.
1301 571 1473 628 Quidni
1503 571 1653 627 potuit
1683 570 1748 612 He

262 651 462 702 siodum,
496 658 544 692 ut
568 649 784 691 Pindarus
810 648 967 691 Isthm.
999 648 1076 692 VI.
1107 650 1184 698 98,
1220 647 1283 689 ita
1309 645 1583 689 Stesichorus
1610 646 1748 688 citare

262 725 364 782 qui,
399 725 437 767 si
462 739 620 768 verum
648 731 736 774 est,
769 724 887 780 quod
915 723 1167 766 Athenaeus
1190 722 1329 764 tradit
1352 721 1454 765 XII.
1482 736 1526 778 p.
1555 721 1639 763 512
1669 719 1748 762 fin.

263 800 498 842 Herculem
531 798 585 840 ab
617 814 667 840 eo
691 799 891 855 primum
923 800 1046 840 clava
1070 806 1114 840 et
1136 797 1277 840 leonis
1299 796 1476 840 exuviis
1498 796 1748 838 instructun

266 873 416 924 fuisse,
449 872 630 915 fortasse
661 873 901 915 Hesiodum
935 874 1284 930 perstrinxerat,
1326 871 1443 928 quod
1475 878 1568 913 tam
1601 871 1748 912 multu

265 948 420 991 fuisset
457 948 506 990 in
546 949 704 1006 clypeo
746 948 949 990 Herculis
988 949 1300 998 describendo,
1343 947 1555 1003 cuiusque
1590 960 1748 988 carme]

265 1023 442 1081 Cycnus
472 1031 589 1066 certe
620 1023 668 1066 in
698 1024 849 1066 eodem
878 1031 1159 1081 argumento,
1184 1031 1314 1080 atque
1340 1023 1523 1065 Hesiodo
1548 1021 1748 1063 tributun

266 1099 373 1150 hoc,
417 1107 637 1142 versatum
671 1107 749 1142 est.
815 1086 947 1143 Conf.
990 1099 1366 1142 Markscheffelius
1401 1114 1444 1157 p.
1480 1100 1583 1140 149.
1646 1095 1745 1139 Sitn

263 1174 537 1231 Apollodoro
570 1173 825 1228 tribuenda,
858 1189 969 1230 quae
990 1189 1110 1217 nunc
1130 1182 1275 1218 exstat
1294 1175 1408 1232 apud
1433 1189 1536 1217 eum
1560 1172 1618 1215 ΙΙ.
1643 1185 1710 1216 lv.
1728 1172 1748 1212 2

264 1250 433 1292 mentio
464 1249 642 1300 Hesiodi
673 1241 716 1291 ἐν
738 1244 795 1306 τῇ
814 1241 1129 1294 Ἀσπὶδι·ουω
1157 1250 1304 1292 citatis
1321 1249 1445 1293 Scuti
1466 1263 1538 1293 vv.
1558 1248 1646 1292 226
1665 1261 1748 1303 seq.

261 1324 449 1367 dubium
495 1325 700 1369 videatur
736 1325 794 1367 ob
831 1340 905 1376 ea,
959 1340 1071 1382 quae
1118 1325 1163 1368 in
1210 1333 1314 1367 nota
1363 1324 1556 1367 subiecta
1594 1322 1748 1380 scripsi

263 1399 480 1456 Heynius.
532 1399 616 1442 Sed
648 1400 902 1444 Athenaeus
931 1404 1048 1442 certe
1069 1399 1145 1444 IV.
1168 1415 1211 1457 p.
1237 1401 1320 1443 180
1343 1398 1467 1442 Scuti
1491 1413 1666 1441 versum
1691 1399 1748 1441 19Ἰ

228 1514 235 1521 ,
261 1474 422 1527 citam,
454 1475 548 1516 eius
578 1483 804 1517 auctorem
836 1474 927 1517 edit
948 1474 1205 1520 Hesiodum.
1267 1474 1385 1516 Tum
1407 1481 1452 1516 et
1471 1472 1629 1516 Strabo
1647 1473 1748 1518 VII]

263 1564 308 1606 p.
348 1551 435 1593 385
472 1549 684 1592 scribens:
753 1541 956 1595 Ἡσίοδος
991 1540 1043 1592 δὲ
1075 1543 1151 1590 καὶ
1183 1542 1323 1600 ἄλλης
1356 1542 1526 1601 Ἑλίκης
1555 1543 1748 1604 μέμνητα

266 1621 564 1677 Θετταλικῆς,
604 1625 792 1668 omnino
827 1624 1004 1668 videtur
1038 1638 1185 1667 versus
1225 1623 1349 1667 Scuti
1389 1626 1471 1668 381
1513 1632 1558 1668 et
1589 1625 1672 1668 475
1704 1639 1748 1667 re

263 1700 470 1758 spexisse.
1056 1749 1062 1754 ,
1327 1701 1329 1704 ’
1503 1700 1506 1701 ’

323 1775 538 1821 Veterum
570 1779 732 1834 etiam,
775 1778 847 1821 sed
886 1793 1018 1836 supra
1049 1778 1308 1821 memoratis
1339 1778 1485 1820 mutto
1516 1776 1748 1820 iuniorum

265 1850 389 1895 Scuti
425 1861 651 1897 auctorem
679 1855 827 1896 citatis
859 1869 917 1897 ex
950 1868 1000 1895 eo
1038 1853 1234 1896 versibus
1261 1853 1499 1896 Hesiodum
1533 1866 1748 1910 agnoscuu

267 1927 329 1970 Io.
359 1928 634 1986 Philoponus
665 1929 714 1972 in
747 1929 880 1973 Anal.
907 1934 1068 1986 poster.
1099 1943 1144 1985 Ρ.
1171 1929 1254 1980 82,
1275 1933 1323 1981 6;
1363 1926 1572 1971 Stobaeus
1593 1926 1748 1971 1V.-36

266 2001 423 2055 Suidas
459 2004 508 2046 iu
553 2019 593 2047 v.
631 1998 744 2057 ὁπλῆ
784 2011 828 2047 et
865 2003 912 2046 iu
955 2019 994 2048 v.
1020 1993 1138 2056 ἰ’ὃειε,
1192 2003 1345 2060 Etym.
1391 2002 1452 2048 Μ.
1482 2018 1526 2060 Ρ.
1565 2003 1642 2053 42,
1687 2003 1740 2045 31

266 2094 308 2135 p.
339 2079 440 2131 366,
468 2082 544 2132 43,
578 2094 623 2138 p.
651 2082 750 2134 436,
777 2081 854 2131 52,
889 2095 932 2137 p.
958 2079 1057 2131 465,
1080 2080 1158 2130 39,
1191 2093 1234 2136 p.
1259 2079 1360 2131 487,
1385 2079 1461 2129 42,
1495 2093 1539 2136 Ρ.
1566 2078 1666 2129 495,
1688 2079 1746 2122 30

267 2170 309 2211 p.
341 2156 514 2207 513,1,
547 2169 591 2213 Ρ.
620 2157 722 2206 634,
755 2158 831 2206 40,
865 2155 1043 2213 Ρ.·615,
1070 2155 1150 2205 41,
1182 2167 1227 2211 Ρ.
1252 2154 1354 2206 650,
1379 2155 1460 2206 54,
1493 2168 1538 2211 p.
1563 2155 1665 2205 695,
1690 2155 1748 2197 56

266 2244 309 2287 p.
344 2230 445 2283 721,
479 2234 556 2283 18,
602 2247 645 2290 Ρ.
681 2232 783 2284 745,
806 2233 853 2284 3,
898 2246 942 2289 Ρ.
968 2231 1069 2281 760,
1095 2230 1171 2281 46,
1216 2245 1262 2287 Ρ.
1291 2231 1392 2282 796,
1417 2233 1462 2285 1;
1496 2229 1690 2273 Eudocia
1722 2229 1748 2272 il

267 2304 382 2351 Viol.
416 2322 456 2363 Ρ.
483 2307 594 2360 264,
628 2308 818 2351 Zonaras
840 2322 883 2365 p.
905 2307 1018 2358 864,
1041 2314 1092 2363 Ῥ.
1121 2307 1250 2348 1147.
1313 2306 1430 2349 Tum
1459 2313 1501 2348 et
1527 2304 1677 2350 Schol.
1701 2305 1748 2348 ed

268 2380 311 2423 iu
345 2382 558 2439 Aponon.
590 2384 678 2427 Ru.
709 2383 744 2427 1.
783 2383 894 2436 747,
941 2381 1091 2426 Schol.
1124 2382 1169 2425 in
1201 2381 1430 2440 Aristoph.
1465 2382 1654 2425 Acheru.
1684 2381 1748 2424 741

269 2455 409 2516 (740),
429 2457 477 2501 in
495 2458 578 2502 Av.
605 2461 716 2504 1434
737 2458 903 2519 (1426),
923 2459 968 2503 in
988 2458 1100 2502 Rau.
1123 2459 1209 2502 990
1227 2456 1372 2514 (994);
1393 2456 1542 2501 Schol.
1564 2456 1613 2500 in
1629 2454 1748 2515 Soph

267 2534 419 2590 Antig.
449 2535 578 2587 1180,
613 2535 775 2581 Trach.
802 2537 858 2580 39
871 2549 884 2589 ;
911 2532 1059 2578 Schol.
1095 2534 1147 2589 ed
1183 2533 1409 2592 Lycophr.
1444 2532 1582 2586 1124,
1616 2530 1748 2576 Schol

238 2608 317 2650 ·nd
350 2608 539 2660 Theocr.
580 2609 646 2654 Id.
684 2611 734 2655 A.
773 2610 852 2663 48,
893 2607 1040 2653 Schol.
1082 2608 1194 2654 Ven.
1229 2608 1275 2652 B.
1317 2609 1369 2652 ad
1403 2609 1456 2653 ΙΙ.
1490 2608 1550 2651 Θ.
1584 2609 1692 2660 349,
1720 2606 1748 2651 E

265 2681 315 2724 ad
351 2682 405 2727 ΙΙ.
437 2683 493 2725 Α.
527 2685 605 2737 36,
629 2686 691 2745 A.
714 2685 766 2729 ad
801 2685 855 2729 ῙΙ.
890 2685 941 2728 Σ.
977 2686 1079 2738 1003
1115 2683 1453 2729 Schol.Victor.
1474 2683 1590 2743 apud
1619 2682 1747 2741 Heyn

266 2756 317 2799 T.
361 2758 480 2803 vlu.
529 2760 582 2803 nd
630 2761 683 2806 ΙΙ.
728 2762 784 2805 Ψ.
819 2762 922 2813 346;
972 2760 1174 2805 Eustath.
1215 2760 1267 2803 ad
1309 2760 1438 2804 Hom.
1477 2775 1521 2818 p.
1555 2759 1657 2812 518,
1691 2758 1748 2801 26
