<?xml version="1.0" encoding="UTF-8"?>
<!DOCTYPE html PUBLIC "-//W3C//DTD XHTML 1.0 Transitional//EN"
    "http://www.w3.org/TR/xhtml1/DTD/xhtml1-transitional.dtd">
<html xmlns="http://www.w3.org/1999/xhtml" xml:lang="en" lang="en">
 <head>
  <title>
</title>
<meta http-equiv="Content-Type" content="text/html;charset=utf-8" />
  <meta name='ocr-system' content='tesseract 3.04.00' />
  <meta name='ocr-capabilities' content='ocr_page ocr_carea ocr_par ocr_line ocrx_word'/>
</head>
<body>
  <div class='ocr_page' id='page_1' title='image "./scutumherculisli00hesiuoft_0014.png"; bbox 0 0 1742 3294; ppageno 0'>
   <div class='ocr_carea' id='block_1_1' title="bbox 219 246 1115 285">
    <p class='ocr_par' dir='ltr' id='par_1_1' title="bbox 219 246 1115 285">
     <span class='ocr_line' id='line_1_1' title="bbox 219 246 1115 285; baseline -0.004 0"><span class='ocrx_word' id='word_1_1' title='bbox 219 251 254 285; x_wconf 78' lang='lat' dir='ltr'>X</span> <span class='ocrx_word' id='word_1_2' title='bbox 807 246 1115 282; x_wconf 81' lang='lat' dir='ltr'>PRAEFATIO.</span> 
     </span>
    </p>
   </div>
   <div class='ocr_carea' id='block_1_2' title="bbox 209 350 1720 2658">
    <p class='ocr_par' dir='ltr' id='par_1_2' title="bbox 209 350 1720 2658">
     <span class='ocr_line' id='line_1_2' title="bbox 218 350 1718 433; baseline -0.003 -16"><span class='ocrx_word' id='word_1_3' title='bbox 218 367 519 433; x_wconf 77' lang='lat' dir='ltr'>robustaque</span> <span class='ocrx_word' id='word_1_4' title='bbox 562 363 846 415; x_wconf 88' lang='lat' dir='ltr'>valetudine</span> <span class='ocrx_word' id='word_1_5' title='bbox 893 368 944 414; x_wconf 90' lang='lat' dir='ltr'>et</span> <span class='ocrx_word' id='word_1_6' title='bbox 988 350 1266 414; x_wconf 68' lang='lat' dir='ltr'>incredibili</span> <span class='ocrx_word' id='word_1_7' title='bbox 1303 363 1574 428; x_wconf 85' lang='lat' dir='ltr'>industria3</span> <span class='ocrx_word' id='word_1_8' title='bbox 1631 363 1718 414; x_wconf 83' lang='lat' dir='ltr'>sed</span> 
     </span>
     <span class='ocr_line' id='line_1_3' title="bbox 220 454 1719 526; baseline -0.002 -17"><span class='ocrx_word' id='word_1_9' title='bbox 220 476 346 526; x_wconf 87' lang='lat' dir='ltr'>quae</span> <span class='ocrx_word' id='word_1_10' title='bbox 385 457 602 508; x_wconf 74' lang='lat' dir='ltr'>condidit</span> <span class='ocrx_word' id='word_1_11' title='bbox 636 460 753 507; x_wconf 83' lang='lat' dir='ltr'>sunt</span> <span class='ocrx_word' id='word_1_12' title='bbox 784 455 937 524; x_wconf 83' lang='lat' dir='ltr'>digna</span> <span class='ocrx_word' id='word_1_13' title='bbox 965 460 1163 506; x_wconf 88' lang='lat' dir='ltr'>auctore</span> <span class='ocrx_word' id='word_1_14' title='bbox 1173 494 1188 521; x_wconf 89' lang='lat'>,</span> <span class='ocrx_word' id='word_1_15' title='bbox 1224 454 1557 523; x_wconf 87' lang='lat' dir='ltr'>tuebaturque</span> <span class='ocrx_word' id='word_1_16' title='bbox 1589 455 1719 506; x_wconf 88' lang='lat' dir='ltr'>Len-</span> 
     </span>
     <span class='ocr_line' id='line_1_4' title="bbox 218 547 1717 616; baseline -0.001 -16"><span class='ocrx_word' id='word_1_17' title='bbox 218 551 396 616; x_wconf 83' lang='lat' dir='ltr'>nepiue</span> <span class='ocrx_word' id='word_1_18' title='bbox 429 549 556 599; x_wconf 90' lang='lat' dir='ltr'>hanc</span> <span class='ocrx_word' id='word_1_19' title='bbox 590 547 891 599; x_wconf 77' lang='lat' dir='ltr'>sententiam</span> <span class='ocrx_word' id='word_1_20' title='bbox 943 547 1272 598; x_wconf 77' lang='lat' dir='ltr'>utilissimum</span> <span class='ocrx_word' id='word_1_21' title='bbox 1312 547 1514 615; x_wconf 88' lang='lat' dir='ltr'>quidem</span> <span class='ocrx_word' id='word_1_22' title='bbox 1561 547 1717 599; x_wconf 87' lang='lat' dir='ltr'>civem</span> 
     </span>
     <span class='ocr_line' id='line_1_5' title="bbox 220 640 1717 709; baseline -0.003 -15"><span class='ocrx_word' id='word_1_23' title='bbox 220 661 326 694; x_wconf 81' lang='lat' dir='ltr'>esse</span> <span class='ocrx_word' id='word_1_24' title='bbox 351 661 466 692; x_wconf 89' lang='lat' dir='ltr'>eum</span> <span class='ocrx_word' id='word_1_25' title='bbox 491 642 578 709; x_wconf 89' lang='lat' dir='ltr'>qui</span> <span class='ocrx_word' id='word_1_26' title='bbox 610 642 665 691; x_wconf 91' lang='lat' dir='ltr'>in</span> <span class='ocrx_word' id='word_1_27' title='bbox 691 640 942 692; x_wconf 82' lang='lat' dir='ltr'>veteribus</span> <span class='ocrx_word' id='word_1_28' title='bbox 968 640 1130 691; x_wconf 77' lang='lat' dir='ltr'>literis</span> <span class='ocrx_word' id='word_1_29' title='bbox 1156 640 1388 708; x_wconf 91' lang='lat' dir='ltr'>omnique</span> <span class='ocrx_word' id='word_1_30' title='bbox 1418 640 1717 708; x_wconf 75' lang='lat' dir='ltr'>antiquitate</span> 
     </span>
     <span class='ocr_line' id='line_1_6' title="bbox 217 733 1717 802; baseline -0.001 -17"><span class='ocrx_word' id='word_1_31' title='bbox 217 733 573 801; x_wconf 80' lang='lat' dir='ltr'>perscrutanda</span> <span class='ocrx_word' id='word_1_32' title='bbox 595 733 917 784; x_wconf 85' lang='lat' dir='ltr'>umbratilem</span> <span class='ocrx_word' id='word_1_33' title='bbox 941 752 1143 800; x_wconf 84' lang='lat' dir='ltr'>operam</span> <span class='ocrx_word' id='word_1_34' title='bbox 1167 739 1391 800; x_wconf 86' lang='lat' dir='ltr'>poneret,</span> <span class='ocrx_word' id='word_1_35' title='bbox 1416 733 1503 784; x_wconf 81' lang='lat' dir='ltr'>sed</span> <span class='ocrx_word' id='word_1_36' title='bbox 1528 733 1717 802; x_wconf 85' lang='lat' dir='ltr'>requiri</span> 
     </span>
     <span class='ocr_line' id='line_1_7' title="bbox 219 819 1720 900; baseline -0.001 -23"><span class='ocrx_word' id='word_1_37' title='bbox 219 828 371 877; x_wconf 89' lang='lat' dir='ltr'>etiam</span> <span class='ocrx_word' id='word_1_38' title='bbox 401 819 547 891; x_wconf 70' lang='lat' dir='ltr'>alio‘s,</span> <span class='ocrx_word' id='word_1_39' title='bbox 583 826 670 892; x_wconf 90' lang='lat' dir='ltr'>qui</span> <span class='ocrx_word' id='word_1_40' title='bbox 699 844 761 876; x_wconf 84' lang='lat' dir='ltr'>ex</span> <span class='ocrx_word' id='word_1_41' title='bbox 776 825 882 876; x_wconf 57' lang='lat' dir='ltr'>dua</span> <span class='ocrx_word' id='word_1_42' title='bbox 910 825 1176 900; x_wconf 76' lang='lat' dir='ltr'>solitudine</span> <span class='ocrx_word' id='word_1_43' title='bbox 1209 825 1482 876; x_wconf 86' lang='lat' dir='ltr'>identidem</span> <span class='ocrx_word' id='word_1_44' title='bbox 1503 825 1557 875; x_wconf 91' lang='lat' dir='ltr'>in</span> <span class='ocrx_word' id='word_1_45' title='bbox 1589 842 1720 876; x_wconf 88' lang='lat' dir='ltr'>com-</span> 
     </span>
     <span class='ocr_line' id='line_1_8' title="bbox 218 917 1718 986; baseline -0.001 -17"><span class='ocrx_word' id='word_1_46' title='bbox 218 920 383 969; x_wconf 81' lang='lat' dir='ltr'>munis</span> <span class='ocrx_word' id='word_1_47' title='bbox 435 919 566 968; x_wconf 82' lang='lat' dir='ltr'>vitae</span> <span class='ocrx_word' id='word_1_48' title='bbox 619 917 961 969; x_wconf 83' lang='lat' dir='ltr'>celebritatem</span> <span class='ocrx_word' id='word_1_49' title='bbox 1011 919 1398 986; x_wconf 84' lang='lat' dir='ltr'>opinionumque</span> <span class='ocrx_word' id='word_1_50' title='bbox 1445 918 1718 970; x_wconf 85' lang='lat' dir='ltr'>certamina</span> 
     </span>
     <span class='ocr_line' id='line_1_9' title="bbox 218 1009 1718 1076; baseline -0.001 -14"><span class='ocrx_word' id='word_1_51' title='bbox 218 1010 585 1062; x_wconf 77' lang='lat' dir='ltr'>descenderent.</span> <span class='ocrx_word' id='word_1_52' title='bbox 639 1010 786 1061; x_wconf 89' lang='lat' dir='ltr'>Inter</span> <span class='ocrx_word' id='word_1_53' title='bbox 812 1010 935 1061; x_wconf 87' lang='lat' dir='ltr'>haec</span> <span class='ocrx_word' id='word_1_54' title='bbox 966 1015 1191 1062; x_wconf 82' lang='lat' dir='ltr'>extrema</span> <span class='ocrx_word' id='word_1_55' title='bbox 1219 1010 1442 1061; x_wconf 85' lang='lat' dir='ltr'>medium</span> <span class='ocrx_word' id='word_1_56' title='bbox 1461 1010 1647 1076; x_wconf 88' lang='lat' dir='ltr'>tenuit,</span> <span class='ocrx_word' id='word_1_57' title='bbox 1663 1009 1718 1060; x_wconf 88' lang='lat' dir='ltr'>in</span> 
     </span>
     <span class='ocr_line' id='line_1_10' title="bbox 217 1102 1716 1172; baseline 0 -18"><span class='ocrx_word' id='word_1_58' title='bbox 217 1104 348 1171; x_wconf 91' lang='lat' dir='ltr'>quod</span> <span class='ocrx_word' id='word_1_59' title='bbox 368 1108 551 1153; x_wconf 88' lang='lat' dir='ltr'>natura</span> <span class='ocrx_word' id='word_1_60' title='bbox 574 1102 849 1169; x_wconf 85' lang='lat' dir='ltr'>ferebatur,</span> <span class='ocrx_word' id='word_1_61' title='bbox 879 1122 1076 1172; x_wconf 85' lang='lat' dir='ltr'>quoque</span> <span class='ocrx_word' id='word_1_62' title='bbox 1103 1122 1218 1154; x_wconf 88' lang='lat' dir='ltr'>eum</span> <span class='ocrx_word' id='word_1_63' title='bbox 1242 1103 1536 1170; x_wconf 84' lang='lat' dir='ltr'>impellebat</span> <span class='ocrx_word' id='word_1_64' title='bbox 1558 1104 1716 1155; x_wconf 76' lang='lat' dir='ltr'>varie—</span> 
     </span>
     <span class='ocr_line' id='line_1_11' title="bbox 216 1194 1715 1265; baseline 0.001 -19"><span class='ocrx_word' id='word_1_65' title='bbox 216 1202 294 1246; x_wconf 87' lang='lat' dir='ltr'>tas</span> <span class='ocrx_word' id='word_1_66' title='bbox 329 1202 382 1246; x_wconf 91' lang='lat' dir='ltr'>et</span> <span class='ocrx_word' id='word_1_67' title='bbox 414 1195 686 1245; x_wconf 90' lang='lat' dir='ltr'>multitudo</span> <span class='ocrx_word' id='word_1_68' title='bbox 715 1194 1097 1246; x_wconf 84' lang='lat' dir='ltr'>domesticarum</span> <span class='ocrx_word' id='word_1_69' title='bbox 1131 1200 1548 1265; x_wconf 82' lang='lat' dir='ltr'>externarumque</span> <span class='ocrx_word' id='word_1_70' title='bbox 1578 1214 1715 1247; x_wconf 90' lang='lat' dir='ltr'>occu-</span> 
     </span>
     <span class='ocr_line' id='line_1_12' title="bbox 218 1289 1716 1358; baseline 0.003 -19"><span class='ocrx_word' id='word_1_71' title='bbox 218 1289 491 1355; x_wconf 87' lang='lat' dir='ltr'>pationum.</span> <span class='ocrx_word' id='word_1_72' title='bbox 559 1289 658 1340; x_wconf 86' lang='lat' dir='ltr'>Sed</span> <span class='ocrx_word' id='word_1_73' title='bbox 702 1307 794 1358; x_wconf 85' lang='lat' dir='ltr'>ego</span> <span class='ocrx_word' id='word_1_74' title='bbox 836 1309 993 1358; x_wconf 88' lang='lat' dir='ltr'>quum</span> <span class='ocrx_word' id='word_1_75' title='bbox 1031 1291 1175 1340; x_wconf 90' lang='lat' dir='ltr'>initio</span> <span class='ocrx_word' id='word_1_76' title='bbox 1221 1290 1372 1342; x_wconf 79' lang='lat' dir='ltr'>huius</span> <span class='ocrx_word' id='word_1_77' title='bbox 1415 1291 1569 1343; x_wconf 81' lang='lat' dir='ltr'>seculi</span> <span class='ocrx_word' id='word_1_78' title='bbox 1610 1291 1716 1342; x_wconf 82' lang='lat' dir='ltr'>eius</span> 
     </span>
     <span class='ocr_line' id='line_1_13' title="bbox 215 1381 1719 1451; baseline 0.003 -20"><span class='ocrx_word' id='word_1_79' title='bbox 215 1381 407 1432; x_wconf 75' lang='lat' dir='ltr'>scholas</span> <span class='ocrx_word' id='word_1_80' title='bbox 441 1381 836 1448; x_wconf 71' lang='lat' dir='ltr'>frequentarem,</span> <span class='ocrx_word' id='word_1_81' title='bbox 883 1382 1172 1433; x_wconf 87' lang='lat' dir='ltr'>Terentium</span> <span class='ocrx_word' id='word_1_82' title='bbox 1216 1383 1291 1434; x_wconf 91' lang='lat' dir='ltr'>ita</span> <span class='ocrx_word' id='word_1_83' title='bbox 1326 1401 1442 1435; x_wconf 88' lang='lat' dir='ltr'>eum</span> <span class='ocrx_word' id='word_1_84' title='bbox 1471 1383 1719 1451; x_wconf 87' lang='lat' dir='ltr'>interpre-</span> 
     </span>
     <span class='ocr_line' id='line_1_14' title="bbox 214 1473 1716 1543; baseline 0.003 -19"><span class='ocrx_word' id='word_1_85' title='bbox 214 1479 408 1525; x_wconf 85' lang='lat' dir='ltr'>tantem</span> <span class='ocrx_word' id='word_1_86' title='bbox 436 1473 624 1540; x_wconf 80' lang='lat' dir='ltr'>audivi,</span> <span class='ocrx_word' id='word_1_87' title='bbox 658 1480 719 1525; x_wconf 91' lang='lat' dir='ltr'>ut</span> <span class='ocrx_word' id='word_1_88' title='bbox 754 1474 1022 1542; x_wconf 82' lang='lat' dir='ltr'>discipulos</span> <span class='ocrx_word' id='word_1_89' title='bbox 1063 1493 1126 1526; x_wconf 87' lang='lat' dir='ltr'>ex</span> <span class='ocrx_word' id='word_1_90' title='bbox 1159 1475 1460 1543; x_wconf 81' lang='lat' dir='ltr'>antiquitate</span> <span class='ocrx_word' id='word_1_91' title='bbox 1499 1475 1562 1527; x_wconf 91' lang='lat' dir='ltr'>ad</span> <span class='ocrx_word' id='word_1_92' title='bbox 1596 1477 1716 1528; x_wconf 88' lang='lat' dir='ltr'>cite-</span> 
     </span>
     <span class='ocr_line' id='line_1_15' title="bbox 212 1548 1713 1635; baseline 0.002 -18"><span class='ocrx_word' id='word_1_93' title='bbox 212 1568 395 1618; x_wconf 87' lang='lat' dir='ltr'>riorem</span> <span class='ocrx_word' id='word_1_94' title='bbox 425 1566 729 1635; x_wconf 84' lang='lat' dir='ltr'>elegantiam</span> <span class='ocrx_word' id='word_1_95' title='bbox 753 1566 889 1618; x_wconf 88' lang='lat' dir='ltr'>haud</span> <span class='ocrx_word' id='word_1_96' title='bbox 916 1567 1131 1619; x_wconf 77' lang='lat' dir='ltr'>conscios</span> <span class='ocrx_word' id='word_1_97' title='bbox 1155 1567 1425 1619; x_wconf 79' lang='lat' dir='ltr'>transferre</span> <span class='ocrx_word' id='word_1_98' title='bbox 1445 1548 1713 1620; x_wconf 82' lang='lat' dir='ltr'>videretur.</span> 
     </span>
     <span class='ocr_line' id='line_1_16' title="bbox 217 1659 1717 1728; baseline 0.002 -18"><span class='ocrx_word' id='word_1_99' title='bbox 217 1661 293 1711; x_wconf 90' lang='lat' dir='ltr'>De</span> <span class='ocrx_word' id='word_1_100' title='bbox 329 1660 688 1728; x_wconf 82' lang='lat' dir='ltr'>significatione</span> <span class='ocrx_word' id='word_1_101' title='bbox 719 1659 983 1711; x_wconf 88' lang='lat' dir='ltr'>verborum</span> <span class='ocrx_word' id='word_1_102' title='bbox 1020 1666 1071 1712; x_wconf 89' lang='lat' dir='ltr'>et</span> <span class='ocrx_word' id='word_1_103' title='bbox 1110 1661 1471 1713; x_wconf 87' lang='lat' dir='ltr'>constructione</span> <span class='ocrx_word' id='word_1_104' title='bbox 1505 1661 1717 1714; x_wconf 86' lang='lat' dir='ltr'>interro-</span> 
     </span>
     <span class='ocr_line' id='line_1_17' title="bbox 214 1751 1715 1822; baseline 0.003 -19"><span class='ocrx_word' id='word_1_105' title='bbox 214 1751 388 1820; x_wconf 80' lang='lat' dir='ltr'>gabat,</span> <span class='ocrx_word' id='word_1_106' title='bbox 424 1758 535 1803; x_wconf 90' lang='lat' dir='ltr'>tum</span> <span class='ocrx_word' id='word_1_107' title='bbox 575 1752 707 1820; x_wconf 89' lang='lat' dir='ltr'>quod</span> <span class='ocrx_word' id='word_1_108' title='bbox 744 1752 929 1820; x_wconf 78' lang='lat' dir='ltr'>scripto</span> <span class='ocrx_word' id='word_1_109' title='bbox 966 1753 1252 1820; x_wconf 86' lang='lat' dir='ltr'>exciperent</span> <span class='ocrx_word' id='word_1_110' title='bbox 1290 1772 1438 1821; x_wconf 88' lang='lat' dir='ltr'>parce</span> <span class='ocrx_word' id='word_1_111' title='bbox 1470 1753 1715 1822; x_wconf 83' lang='lat' dir='ltr'>dictabat,</span> 
     </span>
     <span class='ocr_line' id='line_1_18' title="bbox 214 1846 1715 1915; baseline 0.003 -20"><span class='ocrx_word' id='word_1_112' title='bbox 214 1864 275 1896; x_wconf 85' lang='lat' dir='ltr'>ex</span> <span class='ocrx_word' id='word_1_113' title='bbox 293 1846 365 1896; x_wconf 77' lang='lat' dir='ltr'>eis</span> <span class='ocrx_word' id='word_1_114' title='bbox 382 1846 471 1914; x_wconf 86' lang='lat' dir='ltr'>qui</span> <span class='ocrx_word' id='word_1_115' title='bbox 493 1846 705 1897; x_wconf 79' lang='lat' dir='ltr'>maiores</span> <span class='ocrx_word' id='word_1_116' title='bbox 724 1864 1018 1915; x_wconf 79' lang='lat' dir='ltr'>progressus</span> <span class='ocrx_word' id='word_1_117' title='bbox 1036 1847 1285 1899; x_wconf 84' lang='lat' dir='ltr'>habebant</span> <span class='ocrx_word' id='word_1_118' title='bbox 1301 1865 1459 1899; x_wconf 90' lang='lat' dir='ltr'>unum</span> <span class='ocrx_word' id='word_1_119' title='bbox 1477 1846 1715 1899; x_wconf 79' lang='lat' dir='ltr'>alterum·</span> 
     </span>
     <span class='ocr_line' id='line_1_19' title="bbox 212 1938 1714 2007; baseline 0.001 -19"><span class='ocrx_word' id='word_1_120' title='bbox 212 1956 270 1989; x_wconf 88' lang='lat' dir='ltr'>ve</span> <span class='ocrx_word' id='word_1_121' title='bbox 300 1956 416 1990; x_wconf 88' lang='lat' dir='ltr'>eum</span> <span class='ocrx_word' id='word_1_122' title='bbox 443 1955 595 2006; x_wconf 89' lang='lat' dir='ltr'>quem</span> <span class='ocrx_word' id='word_1_123' title='bbox 622 1942 925 1990; x_wconf 84' lang='lat' dir='ltr'>tractaverat</span> <span class='ocrx_word' id='word_1_124' title='bbox 949 1939 1113 1991; x_wconf 88' lang='lat' dir='ltr'>locum</span> <span class='ocrx_word' id='word_1_125' title='bbox 1144 1940 1467 2007; x_wconf 85' lang='lat' dir='ltr'>pronuntiare</span> <span class='ocrx_word' id='word_1_126' title='bbox 1488 1938 1714 2003; x_wconf 84' lang='lat' dir='ltr'>iubebat,</span> 
     </span>
     <span class='ocr_line' id='line_1_20' title="bbox 214 2031 1713 2102; baseline 0.001 -21"><span class='ocrx_word' id='word_1_127' title='bbox 214 2037 323 2082; x_wconf 89' lang='lat' dir='ltr'>tum</span> <span class='ocrx_word' id='word_1_128' title='bbox 365 2031 473 2098; x_wconf 79' lang='lat' dir='ltr'>ipse</span> <span class='ocrx_word' id='word_1_129' title='bbox 515 2031 780 2083; x_wconf 78' lang='lat' dir='ltr'>artificiose</span> <span class='ocrx_word' id='word_1_130' title='bbox 816 2031 1073 2084; x_wconf 88' lang='lat' dir='ltr'>recitabat.</span> <span class='ocrx_word' id='word_1_131' title='bbox 1140 2033 1287 2084; x_wconf 91' lang='lat' dir='ltr'>Idem</span> <span class='ocrx_word' id='word_1_132' title='bbox 1322 2032 1626 2102; x_wconf 76' lang='lat' dir='ltr'>sequebatur</span> <span class='ocrx_word' id='word_1_133' title='bbox 1661 2033 1713 2083; x_wconf 87' lang='lat' dir='ltr'>in</span> 
     </span>
     <span class='ocr_line' id='line_1_21' title="bbox 213 2123 1714 2195; baseline 0.003 -23"><span class='ocrx_word' id='word_1_134' title='bbox 213 2123 411 2190; x_wconf 82' lang='lat' dir='ltr'>Ovidi0;</span> <span class='ocrx_word' id='word_1_135' title='bbox 435 2125 487 2175; x_wconf 90' lang='lat' dir='ltr'>in</span> <span class='ocrx_word' id='word_1_136' title='bbox 520 2124 767 2177; x_wconf 81' lang='lat' dir='ltr'>Ciceronis</span> <span class='ocrx_word' id='word_1_137' title='bbox 799 2131 970 2177; x_wconf 89' lang='lat' dir='ltr'>autem</span> <span class='ocrx_word' id='word_1_138' title='bbox 999 2125 1304 2178; x_wconf 76' lang='lat' dir='ltr'>orationibus</span> <span class='ocrx_word' id='word_1_139' title='bbox 1333 2131 1632 2195; x_wconf 82' lang='lat' dir='ltr'>argumenta</span> <span class='ocrx_word' id='word_1_140' title='bbox 1664 2131 1714 2177; x_wconf 87' lang='lat' dir='ltr'>et</span> 
     </span>
     <span class='ocr_line' id='line_1_22' title="bbox 213 2216 1714 2287; baseline 0.002 -21"><span class='ocrx_word' id='word_1_141' title='bbox 213 2234 290 2267; x_wconf 71' lang='lat' dir='ltr'>res</span> <span class='ocrx_word' id='word_1_142' title='bbox 319 2216 624 2284; x_wconf 85' lang='lat' dir='ltr'>declarabat,</span> <span class='ocrx_word' id='word_1_143' title='bbox 654 2218 834 2270; x_wconf 82' lang='lat' dir='ltr'>elicitis</span> <span class='ocrx_word' id='word_1_144' title='bbox 863 2218 1153 2287; x_wconf 80' lang='lat' dir='ltr'>frequenter</span> <span class='ocrx_word' id='word_1_145' title='bbox 1176 2220 1412 2271; x_wconf 87' lang='lat' dir='ltr'>iuvenum</span> <span class='ocrx_word' id='word_1_146' title='bbox 1435 2219 1714 2287; x_wconf 74' lang='lat' dir='ltr'>responsio-</span> 
     </span>
     <span class='ocr_line' id='line_1_23' title="bbox 212 2309 1714 2381; baseline 0.004 -23"><span class='ocrx_word' id='word_1_147' title='bbox 212 2309 381 2375; x_wconf 70' lang='lat' dir='ltr'>nibuS,</span> <span class='ocrx_word' id='word_1_148' title='bbox 434 2311 522 2379; x_wconf 87' lang='lat' dir='ltr'>qui</span> <span class='ocrx_word' id='word_1_149' title='bbox 556 2330 713 2380; x_wconf 89' lang='lat' dir='ltr'>quum</span> <span class='ocrx_word' id='word_1_150' title='bbox 752 2311 1010 2364; x_wconf 88' lang='lat' dir='ltr'>intellecta</span> <span class='ocrx_word' id='word_1_151' title='bbox 1037 2330 1067 2364; x_wconf 91' lang='lat' dir='ltr'>a</span> <span class='ocrx_word' id='word_1_152' title='bbox 1095 2311 1349 2381; x_wconf 78' lang='lat' dir='ltr'>plerisque</span> <span class='ocrx_word' id='word_1_153' title='bbox 1386 2311 1536 2364; x_wconf 89' lang='lat' dir='ltr'>verba</span> <span class='ocrx_word' id='word_1_154' title='bbox 1574 2313 1714 2365; x_wconf 83' lang='lat' dir='ltr'>iussu</span> 
     </span>
     <span class='ocr_line' id='line_1_24' title="bbox 211 2404 1712 2474; baseline 0.003 -22"><span class='ocrx_word' id='word_1_155' title='bbox 211 2404 545 2470; x_wconf 79' lang='lat' dir='ltr'>praeceptoris</span> <span class='ocrx_word' id='word_1_156' title='bbox 570 2404 676 2456; x_wconf 91' lang='lat' dir='ltr'>alta</span> <span class='ocrx_word' id='word_1_157' title='bbox 703 2423 818 2457; x_wconf 86' lang='lat' dir='ltr'>voce</span> <span class='ocrx_word' id='word_1_158' title='bbox 842 2404 1110 2474; x_wconf 76' lang='lat' dir='ltr'>legissent,</span> <span class='ocrx_word' id='word_1_159' title='bbox 1133 2405 1214 2457; x_wconf 76' lang='lat' dir='ltr'>hic</span> <span class='ocrx_word' id='word_1_160' title='bbox 1241 2404 1415 2458; x_wconf 87' lang='lat' dir='ltr'>eadem</span> <span class='ocrx_word' id='word_1_161' title='bbox 1437 2409 1581 2457; x_wconf 89' lang='lat' dir='ltr'>tanta</span> <span class='ocrx_word' id='word_1_162' title='bbox 1606 2409 1712 2456; x_wconf 89' lang='lat' dir='ltr'>arte</span> 
     </span>
     <span class='ocr_line' id='line_1_25' title="bbox 209 2497 1711 2566; baseline 0.002 -20"><span class='ocrx_word' id='word_1_163' title='bbox 209 2513 365 2563; x_wconf 84' lang='lat' dir='ltr'>eaque</span> <span class='ocrx_word' id='word_1_164' title='bbox 390 2514 504 2549; x_wconf 84' lang='lat' dir='ltr'>voce</span> <span class='ocrx_word' id='word_1_165' title='bbox 536 2497 866 2564; x_wconf 86' lang='lat' dir='ltr'>declamabat,</span> <span class='ocrx_word' id='word_1_166' title='bbox 901 2503 960 2550; x_wconf 91' lang='lat' dir='ltr'>ut</span> <span class='ocrx_word' id='word_1_167' title='bbox 984 2498 1154 2566; x_wconf 82' lang='lat' dir='ltr'>ipsum</span> <span class='ocrx_word' id='word_1_168' title='bbox 1182 2498 1405 2550; x_wconf 82' lang='lat' dir='ltr'>Tullium</span> <span class='ocrx_word' id='word_1_169' title='bbox 1437 2503 1527 2552; x_wconf 88' lang='lat' dir='ltr'>aut</span> <span class='ocrx_word' id='word_1_170' title='bbox 1554 2497 1711 2551; x_wconf 83' lang='lat' dir='ltr'>subti-</span> 
     </span>
     <span class='ocr_line' id='line_1_26' title="bbox 213 2587 1713 2658; baseline 0.003 -21"><span class='ocrx_word' id='word_1_171' title='bbox 213 2587 326 2639; x_wconf 79' lang='lat' dir='ltr'>liter</span> <span class='ocrx_word' id='word_1_172' title='bbox 376 2595 838 2656; x_wconf 77' lang='lat' dir='ltr'>argumentantem,</span> <span class='ocrx_word' id='word_1_173' title='bbox 902 2596 991 2642; x_wconf 88' lang='lat' dir='ltr'>aut</span> <span class='ocrx_word' id='word_1_174' title='bbox 1047 2591 1205 2643; x_wconf 84' lang='lat' dir='ltr'>facete</span> <span class='ocrx_word' id='word_1_175' title='bbox 1257 2591 1576 2658; x_wconf 88' lang='lat' dir='ltr'>irridentem,</span> <span class='ocrx_word' id='word_1_176' title='bbox 1625 2597 1713 2643; x_wconf 89' lang='lat' dir='ltr'>aut</span> 
     </span>
    </p>
   </div>
   <div class='ocr_carea' id='block_1_3' title="bbox 207 2690 1711 2949">
    <p class='ocr_par' dir='ltr' id='par_1_3' title="bbox 207 2690 1711 2949">
     <span class='ocr_line' id='line_1_27' title="bbox 209 2690 1160 2762; baseline 0.006 -23"><span class='ocrx_word' id='word_1_177' title='bbox 209 2690 529 2742; x_wconf 78' lang='lat' dir='ltr'>vehementer</span> <span class='ocrx_word' id='word_1_178' title='bbox 555 2691 900 2762; x_wconf 81' lang='lat' dir='ltr'>indignantem</span> <span class='ocrx_word' id='word_1_179' title='bbox 934 2693 1160 2745; x_wconf 83' lang='lat' dir='ltr'>referret.</span> 
     </span>
     <span class='ocr_line' id='line_1_28' title="bbox 278 2782 1711 2855; baseline 0.003 -22"><span class='ocrx_word' id='word_1_180' title='bbox 278 2782 462 2834; x_wconf 81' lang='lat' dir='ltr'>Eodem</span> <span class='ocrx_word' id='word_1_181' title='bbox 501 2784 604 2836; x_wconf 83' lang='lat' dir='ltr'>fero</span> <span class='ocrx_word' id='word_1_182' title='bbox 640 2786 808 2852; x_wconf 88' lang='lat' dir='ltr'>modo,</span> <span class='ocrx_word' id='word_1_183' title='bbox 845 2804 1000 2855; x_wconf 91' lang='lat' dir='ltr'>quum</span> <span class='ocrx_word' id='word_1_184' title='bbox 1041 2786 1323 2838; x_wconf 85' lang='lat' dir='ltr'>Homerum</span> <span class='ocrx_word' id='word_1_185' title='bbox 1356 2787 1711 2854; x_wconf 82' lang='lat' dir='ltr'>interpretare·-</span> 
     </span>
     <span class='ocr_line' id='line_1_29' title="bbox 207 2876 1709 2949; baseline 0.005 -25"><span class='ocrx_word' id='word_1_186' title='bbox 207 2884 312 2938; x_wconf 79' lang='lat' dir='ltr'>tnr,</span> <span class='ocrx_word' id='word_1_187' title='bbox 362 2876 409 2925; x_wconf 88' lang='lat' dir='ltr'>in</span> <span class='ocrx_word' id='word_1_188' title='bbox 458 2877 802 2929; x_wconf 78' lang='lat' dir='ltr'>vocabulorum</span> <span class='ocrx_word' id='word_1_189' title='bbox 847 2878 1179 2946; x_wconf 83' lang='lat' dir='ltr'>explicatione</span> <span class='ocrx_word' id='word_1_190' title='bbox 1234 2879 1298 2932; x_wconf 86' lang='lat' dir='ltr'>ad</span> <span class='ocrx_word' id='word_1_191' title='bbox 1354 2878 1709 2949; x_wconf 80' lang='lat' dir='ltr'>etymologiam</span> 
     </span>
    </p>
   </div>
  </div>
 </body>
</html>
