1748 3224
564 257 604 286 m
640 255 810 287 nnsmm
826 255 1015 287 scv‘rvu.
1472 238 1530 284 21

37 361 100 412 ’τὰ
129 362 225 425 περ)
251 357 494 411 θαλασσίαν
523 367 714 426 (corrige
749 383 806 411 ex
833 366 982 410 Schol.
1005 366 1130 410 Pind.
1158 365 1240 411 Ol.
1258 365 1306 410 B.
1333 367 1439 418 147,
1462 368 1535 409 cui

36 458 109 487 sua
151 443 258 487 haec
291 443 486 487 Eudocia
530 442 706 496 debuit,
758 434 1036 500 Θεσσαλίαν)
1078 433 1280 485 διαθέντα
1321 437 1536 500 Ἡρακλῆς

35 510 314 573 ἀπέκτεινεν,
342 513 396 565 ὡς
421 510 464 561 ἓν
491 513 548 576 τῇ
578 508 760 561 Ἀσπίδι
780 508 980 564 Ὴσὶοδος
1007 508 1142 570 δηλοῖ.
1204 516 1311 576 Agit
1341 518 1534 563 Eudocia

35 593 100 638 ibi
129 595 183 638 de
219 595 390 638 duobus
421 593 607 652 Cycnis,
646 594 784 636 altero
812 593 993 647 Martis,
1031 594 1172 636 altero
1192 593 1390 652 Neptuni
1417 593 1532 647 filio;

35 669 89 712 ad
125 685 233 727 quos
273 668 326 712 ab
364 684 407 711 se
441 668 635 711 invicem
669 667 1003 725 distinguendos
1035 668 1264 725 pertinent
1291 669 1415 712 citati
1444 668 1535 711 iam

36 744 91 788 ab
105 745 282 788 Rankio
302 751 506 787 veterum
521 744 623 794 loci,
649 741 798 786 Schol.
820 742 871 785 ad
891 741 1030 785 Arist.
1050 743 1163 788 Ran.
1180 746 1262 787 941
1284 743 1380 802 (ubi
1404 745 1535 795 item,

35 828 88 862 ut
123 820 240 879 apud
275 819 541 870 Eudociam,
574 819 746 861 mentio
781 818 836 860 fit
872 810 1077 862 Ἡσιόδου
1094 810 1136 861 ἓν
1151 812 1367 876 Ἀσπίδι),
1386 819 1535 864 Schol.

36 899 89 942 ad
116 898 242 940 Pind.
278 898 310 940 l.
339 911 394 948 c.,
429 895 579 939 Schol.
603 896 655 938 ad
684 896 870 940 Theocr.
897 895 1017 940 XVI.
1049 898 1118 940 49.

98 1066 137 1093 v.
160 1051 231 1094 58.
266 1040 308 1091 ἓν
344 1042 510 1104 τεμένει
556 1039 832 1103 ἑκατηβόλου
876 1040 1168 1105 Ἀπόλλωνος]
1239 1043 1538 1106 Παγασαίου,

36 1126 161 1169 cuius
195 1123 315 1167 infra
349 1139 390 1168 v.
430 1125 488 1167 70
524 1130 835 1165 memorantur
872 1116 1012 1171 ἄλσος
1043 1118 1118 1165 κα)
1153 1116 1325 1179 βῶμος.
1388 1123 1540 1167 Fuisse

35 1199 154 1244 illud
195 1194 298 1257 ἱερὸν
334 1194 440 1257 πρὸς
478 1191 676 1256 Τροιζῆνι
716 1198 910 1240 traditur
936 1200 985 1241 in
1013 1199 1160 1242 Schol.
1185 1199 1298 1243 Ven.
1332 1199 1385 1244 A.
1410 1199 1458 1243 B.
1483 1199 1537 1242 D.

8 1315 11 1318 .
38 1276 91 1320 ad
115 1275 169 1319 11.
189 1276 246 1319 Ψ.
277 1276 365 1318 346
381 1307 392 1326 ,
425 1274 503 1317 ubi
533 1269 726 1333 Τραχῖνι
745 1273 1059 1331 corrigendum
1073 1290 1131 1318 ex
1145 1273 1269 1319 scuti
1283 1277 1424 1318 v.353
1438 1290 1538 1333 pro·

14 1352 247 1396 ‘habiliter
277 1351 466 1395 coniecit
490 1350 719 1394 Heinrich.
782 1349 835 1393 In
863 1347 1013 1394 schol.
1041 1351 1093 1394 ad
1123 1335 1171 1395 Β.
1201 1351 1233 1394 1.
1270 1352 1388 1410 apud
1418 1351 1541 1395 Ran-

7 1443 10 1448 ·
36 1428 166 1472 kium
198 1427 319 1472 varia
351 1434 416 1470 est
443 1425 579 1470 Codd.
607 1426 740 1469 lectio
772 1421 1005 1485 Τραχῖνα,
1033 1417 1230 1484 Θρᾴκην,
1254 1422 1475 1487 Τελχῖνα.

58 1612 62 1616 -
99 1595 142 1624 v.
169 1583 239 1624 59.
272 1572 444 1637 πατέρα
470 1571 533 1637 ἵν]
596 1578 706 1621 Puto
748 1577 831 1620 hoc
867 1573 1042 1635 πατέρα
1077 1571 1156 1620 Fov
1186 1578 1539 1636 pronunciatum

39 1656 131 1700 fere
156 1655 348 1699 sonuisse
378 1665 636 1712 πατεραυον.
685 1652 814 1696 Certe
842 1652 993 1697 Latini
1022 1651 1245 1711 digamma
1274 1668 1353 1711 per
1379 1669 1402 1695 ν
1424 1654 1494 1698 vel
1516 1670 1543 1695 u

41 1731 353 1776 reddiderunt:
386 1723 495 1785 ὕλη,
520 1721 647 1772 ὕλἙα
676 1754 734 1760 -
764 1728 909 1783 sylva,
939 1727 1074 1784 sylua.

99 1901 142 1930 v.
164 1885 236 1928 61.
268 1875 311 1927 ἒν
331 1875 497 1943 δίφρῳ]
546 1882 724 1933 Martis,
757 1889 808 1923 ut
837 1880 947 1923 bene
977 1881 1296 1923 animadvertit
1326 1881 1542 1924 Rankius.

43 1958 174 2006 Conf.
205 1957 324 2002 infra
355 1973 398 2001 v.
431 1960 529 2011 109,
555 1958 654 2001 463.

101 2126 143 2154 v.
163 2111 236 2156 62.
266 2107 495 2156 νύσσοντες
519 2104 711 2168 χηλῇσι,
743 2116 793 2150 ut
824 2108 1111 2159 Hesiodeum,
1143 2108 1284 2150 citant
1312 2106 1467 2150 Suidas
1499 2110 1547 2151 iu

45 2202 87 2232 v.
116 2180 229 2239 ὄπλῆ
265 2193 309 2229 et
344 2185 494 2230 Schol.
521 2184 751 2242 Aristoph.
781 2184 892 2228 Aah.
922 2185 1023 2227 740.
1082 2183 1289 2247 Contulit
1315 2184 1406 2226 iam
1435 2184 1471 2227 F
1476 2187 1549 2228 ul-

45 2264 141 2307 vius
167 2262 358 2308 Vrsinus
376 2261 631 2320 virgiliana
645 2260 728 2304 III.
748 2259 803 2303 G.
825 2261 906 2311 86,
932 2259 1012 2301 ubi
1044 2259 1178 2311 item,
1205 2265 1256 2301 ut
1281 2258 1378 2310 hic,
1401 2274 1551 2302 morae

43 2338 328 2396 impatientia
361 2338 412 2380 in
448 2330 571 2396 equis
603 2336 902 2395 significatur,
942 2334 1319 2393 quemadmodum
1353 2342 1396 2378 et
1432 2336 1548 2392 apud

48 2411 281 2456 Sidonium
312 2413 514 2471 Apollin.
542 2411 693 2456 Carm.
722 2411 889 2455 XXIII.
922 2411 1173 2455 331-338,
1235 2411 1288 2454 In
1323 2411 1423 2454 aliis
1452 2412 1550 2454 ani-

45 2488 239 2531 malibus
275 2487 369 2531 irae
402 2495 463 2530 est
496 2487 731 2530 indicium.
796 2486 918 2529 Infra
953 2502 993 2530 v.
1029 2486 1109 2529 431
1152 2486 1206 2528 de
1247 2487 1374 2528 leone
1410 2483 1552 2529 ποσσὶ

11 2615 17 2640 3
44 2555 235 2622 γλάφει.
297 2562 429 2606 Cous.
462 2570 506 2606 et
536 2561 730 2605 Statium
762 2562 903 2605 Theb.
937 2561 1015 2605 XI.
1049 2562 1150 2604 255.

107 2729 148 2756 v.
174 2717 245 2759 69.
277 2709 407 2760 αὐτὸς
432 2707 523 2773 γάρ
554 2710 593 2757 οἱ
621 2706 786 2772 ἐπῶρσε
819 2707 871 2770 β.
902 2706 1019 2770 Ἡρ.]
1077 2714 1231 2765 Causa,
1268 2728 1348 2755 cur
1377 2713 1460 2756 hoc
1489 2712 1551 2756 fe-

47 2789 154 2846 cerit
187 2790 376 2847 Apollo,
409 2790 652 2848 exponitur
683 2788 802 2832 infra
836 2805 878 2832 v.
914 2790 998 2832 478
1029 2804 1115 2845 seq.
