<?xml version="1.0" encoding="UTF-8"?>
<!DOCTYPE html PUBLIC "-//W3C//DTD XHTML 1.0 Transitional//EN"
    "http://www.w3.org/TR/xhtml1/DTD/xhtml1-transitional.dtd">
<html xmlns="http://www.w3.org/1999/xhtml" xml:lang="en" lang="en">
 <head>
  <title>
</title>
<meta http-equiv="Content-Type" content="text/html;charset=utf-8" />
  <meta name='ocr-system' content='tesseract 3.04.00' />
  <meta name='ocr-capabilities' content='ocr_page ocr_carea ocr_par ocr_line ocrx_word'/>
</head>
<body>
  <div class='ocr_page' id='page_1' title='image "./scutumherculisli00hesiuoft_0018.png"; bbox 0 0 1748 3224; ppageno 0'>
   <div class='ocr_carea' id='block_1_1' title="bbox 200 227 1104 263">
    <p class='ocr_par' dir='ltr' id='par_1_1' title="bbox 200 227 1104 263">
     <span class='ocr_line' id='line_1_1' title="bbox 200 227 1104 263; baseline -0.001 0"><span class='ocrx_word' id='word_1_1' title='bbox 200 229 298 263; x_wconf 83' lang='lat' dir='ltr'>XIV</span> <span class='ocrx_word' id='word_1_2' title='bbox 794 227 1087 263; x_wconf 83' lang='lat' dir='ltr'><strong>PRAEFATIO</strong></span> <span class='ocrx_word' id='word_1_3' title='bbox 1094 251 1104 262; x_wconf 90' lang='lat'><strong>.</strong></span> 
     </span>
    </p>
   </div>
   <div class='ocr_carea' id='block_1_2' title="bbox 196 343 1712 2922">
    <p class='ocr_par' dir='ltr' id='par_1_2' title="bbox 199 343 1712 1605">
     <span class='ocr_line' id='line_1_2' title="bbox 201 343 1701 411; baseline -0.003 -12"><span class='ocrx_word' id='word_1_4' title='bbox 201 354 366 399; x_wconf 85' lang='lat' dir='ltr'>essent</span> <span class='ocrx_word' id='word_1_5' title='bbox 396 347 618 411; x_wconf 82' lang='lat' dir='ltr'>educati,</span> <span class='ocrx_word' id='word_1_6' title='bbox 649 350 840 395; x_wconf 87' lang='lat' dir='ltr'>mentes</span> <span class='ocrx_word' id='word_1_7' title='bbox 879 343 1112 411; x_wconf 88' lang='lat' dir='ltr'>populari</span> <span class='ocrx_word' id='word_1_8' title='bbox 1148 343 1354 394; x_wconf 88' lang='lat' dir='ltr'>scientia</span> <span class='ocrx_word' id='word_1_9' title='bbox 1388 343 1615 410; x_wconf 76' lang='lat' dir='ltr'>expleret</span> <span class='ocrx_word' id='word_1_10' title='bbox 1648 347 1701 395; x_wconf 91' lang='lat' dir='ltr'>et</span> 
     </span>
     <span class='ocr_line' id='line_1_3' title="bbox 201 436 1700 504; baseline -0.003 -13"><span class='ocrx_word' id='word_1_11' title='bbox 201 446 414 491; x_wconf 88' lang='lat' dir='ltr'>ornaret.</span> <span class='ocrx_word' id='word_1_12' title='bbox 461 440 582 504; x_wconf 80' lang='lat' dir='ltr'>Quis</span> <span class='ocrx_word' id='word_1_13' title='bbox 605 439 739 488; x_wconf 92' lang='lat' dir='ltr'>enim</span> <span class='ocrx_word' id='word_1_14' title='bbox 760 456 858 487; x_wconf 91' lang='grc'><strong>11011</strong></span> <span class='ocrx_word' id='word_1_15' title='bbox 885 437 1166 503; x_wconf 86' lang='lat' dir='ltr'>suspicetur</span> <span class='ocrx_word' id='word_1_16' title='bbox 1191 436 1520 502; x_wconf 88' lang='lat' dir='ltr'>Lennepium,</span> <span class='ocrx_word' id='word_1_17' title='bbox 1543 454 1700 504; x_wconf 88' lang='lat' dir='ltr'>quum</span> 
     </span>
     <span class='ocr_line' id='line_1_4' title="bbox 200 529 1700 601; baseline -0.003 -16"><span class='ocrx_word' id='word_1_18' title='bbox 200 534 263 585; x_wconf 89' lang='lat' dir='ltr'>ab</span> <span class='ocrx_word' id='word_1_19' title='bbox 298 534 437 601; x_wconf 86' lang='lat' dir='ltr'>Rege</span> <span class='ocrx_word' id='word_1_20' title='bbox 465 531 755 599; x_wconf 83' lang='lat' dir='ltr'>designatus</span> <span class='ocrx_word' id='word_1_21' title='bbox 785 535 918 581; x_wconf 88' lang='lat' dir='ltr'>esset</span> <span class='ocrx_word' id='word_1_22' title='bbox 951 531 1004 580; x_wconf 92' lang='lat' dir='ltr'>in</span> <span class='ocrx_word' id='word_1_23' title='bbox 1043 547 1251 580; x_wconf 89' lang='lat' dir='ltr'>numero</span> <span class='ocrx_word' id='word_1_24' title='bbox 1287 547 1484 594; x_wconf 89' lang='lat' dir='ltr'>eorum,</span> <span class='ocrx_word' id='word_1_25' title='bbox 1519 529 1700 597; x_wconf 87' lang='lat' dir='ltr'>quibus</span> 
     </span>
     <span class='ocr_line' id='line_1_5' title="bbox 200 622 1703 689; baseline -0.003 -11"><span class='ocrx_word' id='word_1_26' title='bbox 200 646 326 678; x_wconf 87' lang='lat' dir='ltr'>nova</span> <span class='ocrx_word' id='word_1_27' title='bbox 366 626 766 677; x_wconf 86' lang='lat' dir='ltr'>Universitatum</span> <span class='ocrx_word' id='word_1_28' title='bbox 806 630 858 675; x_wconf 90' lang='lat' dir='ltr'>et</span> <span class='ocrx_word' id='word_1_29' title='bbox 899 623 1275 674; x_wconf 90' lang='lat' dir='ltr'>Athenaeorum</span> <span class='ocrx_word' id='word_1_30' title='bbox 1320 622 1584 689; x_wconf 76' lang='lat' dir='ltr'><strong>disciplina</strong></span> <span class='ocrx_word' id='word_1_31' title='bbox 1617 623 1703 674; x_wconf 89' lang='lat' dir='ltr'>de-</span> 
     </span>
     <span class='ocr_line' id='line_1_6' title="bbox 201 715 1699 783; baseline -0.003 -13"><span class='ocrx_word' id='word_1_32' title='bbox 201 719 457 770; x_wconf 86' lang='lat' dir='ltr'>scribenda</span> <span class='ocrx_word' id='word_1_33' title='bbox 482 718 821 783; x_wconf 77' lang='lat' dir='ltr'>mandaretur,</span> <span class='ocrx_word' id='word_1_34' title='bbox 838 722 958 768; x_wconf 87' lang='lat' dir='ltr'>tunc</span> <span class='ocrx_word' id='word_1_35' title='bbox 985 718 1039 767; x_wconf 91' lang='lat' dir='ltr'>in</span> <span class='ocrx_word' id='word_1_36' title='bbox 1058 717 1235 783; x_wconf 88' lang='lat' dir='ltr'>primis</span> <span class='ocrx_word' id='word_1_37' title='bbox 1266 715 1573 782; x_wconf 77' lang='lat' dir='ltr'>persuasisse</span> <span class='ocrx_word' id='word_1_38' title='bbox 1601 715 1699 767; x_wconf 89' lang='lat' dir='ltr'>col·</span> 
     </span>
     <span class='ocr_line' id='line_1_7' title="bbox 200 810 1703 880; baseline -0.002 -18"><span class='ocrx_word' id='word_1_39' title='bbox 200 813 328 880; x_wconf 85' lang='lat' dir='ltr'>legis</span> <span class='ocrx_word' id='word_1_40' title='bbox 341 850 356 877; x_wconf 92' lang='lat'>,</span> <span class='ocrx_word' id='word_1_41' title='bbox 380 829 509 879; x_wconf 90' lang='lat' dir='ltr'>quae</span> <span class='ocrx_word' id='word_1_42' title='bbox 538 815 656 862; x_wconf 91' lang='lat' dir='ltr'>sunt</span> <span class='ocrx_word' id='word_1_43' title='bbox 682 811 734 860; x_wconf 92' lang='lat' dir='ltr'>in</span> <span class='ocrx_word' id='word_1_44' title='bbox 766 810 962 860; x_wconf 88' lang='lat' dir='ltr'>decreto</span> <span class='ocrx_word' id='word_1_45' title='bbox 993 810 1158 878; x_wconf 85' lang='lat' dir='ltr'>regio,</span> <span class='ocrx_word' id='word_1_46' title='bbox 1190 810 1324 876; x_wconf 90' lang='lat' dir='ltr'>quod</span> <span class='ocrx_word' id='word_1_47' title='bbox 1355 827 1528 859; x_wconf 91' lang='lat' dir='ltr'>eorum</span> <span class='ocrx_word' id='word_1_48' title='bbox 1551 826 1703 860; x_wconf 88' lang='lat' dir='ltr'>suasu</span> 
     </span>
     <span class='ocr_line' id='line_1_8' title="bbox 200 901 1704 971; baseline -0.001 -16"><span class='ocrx_word' id='word_1_49' title='bbox 200 923 327 955; x_wconf 90' lang='lat' dir='ltr'>anno</span> <span class='ocrx_word' id='word_1_50' title='bbox 349 904 537 955; x_wconf 90' lang='lat' dir='ltr'>decimo</span> <span class='ocrx_word' id='word_1_51' title='bbox 562 904 737 971; x_wconf 88' lang='lat' dir='ltr'>quinto</span> <span class='ocrx_word' id='word_1_52' title='bbox 767 903 917 954; x_wconf 89' lang='lat' dir='ltr'>huius</span> <span class='ocrx_word' id='word_1_53' title='bbox 947 903 1102 954; x_wconf 91' lang='lat' dir='ltr'>seculi</span> <span class='ocrx_word' id='word_1_54' title='bbox 1124 901 1502 971; x_wconf 88' lang='lat' dir='ltr'>promulgatum</span> <span class='ocrx_word' id='word_1_55' title='bbox 1527 902 1704 954; x_wconf 88' lang='lat' dir='ltr'>etiam-</span> 
     </span>
     <span class='ocr_line' id='line_1_9' title="bbox 200 996 1705 1066; baseline -0.001 -18"><span class='ocrx_word' id='word_1_56' title='bbox 200 1016 320 1048; x_wconf 89' lang='lat' dir='ltr'>num</span> <span class='ocrx_word' id='word_1_57' title='bbox 355 998 483 1066; x_wconf 83' lang='lat' dir='ltr'>legis</span> <span class='ocrx_word' id='word_1_58' title='bbox 511 998 613 1048; x_wconf 86' lang='lat' dir='ltr'>vim</span> <span class='ocrx_word' id='word_1_59' title='bbox 646 997 864 1048; x_wconf 76' lang='lat' dir='ltr'>obtinet?</span> <span class='ocrx_word' id='word_1_60' title='bbox 923 996 1007 1047; x_wconf 93' lang='lat' dir='ltr'>Ibi</span> <span class='ocrx_word' id='word_1_61' title='bbox 1047 997 1180 1047; x_wconf 90' lang='lat' dir='ltr'>enim</span> <span class='ocrx_word' id='word_1_62' title='bbox 1217 996 1462 1063; x_wconf 89' lang='lat' dir='ltr'>scriptum</span> <span class='ocrx_word' id='word_1_63' title='bbox 1497 1000 1575 1046; x_wconf 89' lang='lat' dir='ltr'>est</span> <span class='ocrx_word' id='word_1_64' title='bbox 1612 997 1705 1046; x_wconf 86' lang='lat' dir='ltr'>“ut</span> 
     </span>
     <span class='ocr_line' id='line_1_10' title="bbox 199 1087 1712 1156; baseline -0.001 -17"><span class='ocrx_word' id='word_1_65' title='bbox 199 1091 251 1139; x_wconf 92' lang='lat' dir='ltr'>in</span> <span class='ocrx_word' id='word_1_66' title='bbox 297 1090 573 1140; x_wconf 75' lang='lat' dir='ltr'>Athenaeis</span> <span class='ocrx_word' id='word_1_67' title='bbox 614 1089 778 1155; x_wconf 90' lang='lat' dir='ltr'>pulcri</span> <span class='ocrx_word' id='word_1_68' title='bbox 821 1107 1016 1154; x_wconf 87' lang='lat' dir='ltr'>sensus,</span> <span class='ocrx_word' id='word_1_69' title='bbox 1059 1088 1311 1156; x_wconf 79' lang='lat' dir='ltr'>elegantia</span> <span class='ocrx_word' id='word_1_70' title='bbox 1352 1087 1712 1155; x_wconf 88' lang='lat' dir='ltr'>doctrinaeque.</span> 
     </span>
     <span class='ocr_line' id='line_1_11' title="bbox 200 1180 1705 1250; baseline -0.001 -17"><span class='ocrx_word' id='word_1_71' title='bbox 200 1189 440 1250; x_wconf 90' lang='lat' dir='ltr'>quantum</span> <span class='ocrx_word' id='word_1_72' title='bbox 478 1183 584 1232; x_wconf 90' lang='lat' dir='ltr'>eius</span> <span class='ocrx_word' id='word_1_73' title='bbox 617 1181 727 1231; x_wconf 90' lang='lat' dir='ltr'>fieri</span> <span class='ocrx_word' id='word_1_74' title='bbox 756 1182 939 1248; x_wconf 82' lang='lat' dir='ltr'>possit,</span> <span class='ocrx_word' id='word_1_75' title='bbox 974 1199 1089 1232; x_wconf 93' lang='lat' dir='ltr'>cum</span> <span class='ocrx_word' id='word_1_76' title='bbox 1117 1181 1255 1231; x_wconf 91' lang='lat' dir='ltr'>urbis</span> <span class='ocrx_word' id='word_1_77' title='bbox 1283 1180 1458 1232; x_wconf 88' lang='lat' dir='ltr'>incolis</span> <span class='ocrx_word' id='word_1_78' title='bbox 1485 1199 1705 1232; x_wconf 88' lang='lat' dir='ltr'>commu-</span> 
     </span>
     <span class='ocr_line' id='line_1_12' title="bbox 199 1274 1705 1342; baseline -0.001 -16"><span class='ocrx_word' id='word_1_79' title='bbox 199 1276 427 1326; x_wconf 86' lang='lat' dir='ltr'>nicentur</span> <span class='ocrx_word' id='word_1_80' title='bbox 444 1305 512 1311; x_wconf 91' lang='lat'><em>-</em></span> <span class='ocrx_word' id='word_1_81' title='bbox 538 1279 649 1324; x_wconf 91' lang='lat' dir='ltr'>tum</span> <span class='ocrx_word' id='word_1_82' title='bbox 669 1280 728 1324; x_wconf 89' lang='lat' dir='ltr'>ut</span> <span class='ocrx_word' id='word_1_83' title='bbox 752 1274 1110 1340; x_wconf 83' lang='lat' dir='ltr'>adolescentes,</span> <span class='ocrx_word' id='word_1_84' title='bbox 1137 1275 1224 1342; x_wconf 88' lang='lat' dir='ltr'>qui</span> <span class='ocrx_word' id='word_1_85' title='bbox 1255 1275 1429 1342; x_wconf 84' lang='lat' dir='ltr'>quavis</span> <span class='ocrx_word' id='word_1_86' title='bbox 1454 1274 1514 1325; x_wconf 92' lang='lat' dir='ltr'>de</span> <span class='ocrx_word' id='word_1_87' title='bbox 1555 1292 1705 1326; x_wconf 90' lang='lat' dir='ltr'>causa</span> 
     </span>
     <span class='ocr_line' id='line_1_13' title="bbox 199 1366 1703 1435; baseline -0.001 -18"><span class='ocrx_word' id='word_1_88' title='bbox 199 1368 453 1435; x_wconf 82' lang='lat' dir='ltr'>integrum</span> <span class='ocrx_word' id='word_1_89' title='bbox 484 1385 683 1418; x_wconf 85' lang='lat' dir='ltr'>cursum</span> <span class='ocrx_word' id='word_1_90' title='bbox 720 1367 773 1416; x_wconf 90' lang='lat' dir='ltr'>in</span> <span class='ocrx_word' id='word_1_91' title='bbox 804 1366 975 1434; x_wconf 87' lang='lat' dir='ltr'>aliqua</span> <span class='ocrx_word' id='word_1_92' title='bbox 1010 1367 1414 1418; x_wconf 87' lang='lat' dir='ltr'>Universitatum</span> <span class='ocrx_word' id='word_1_93' title='bbox 1448 1366 1703 1418; x_wconf 87' lang='lat' dir='ltr'>absolvere</span> 
     </span>
     <span class='ocr_line' id='line_1_14' title="bbox 199 1459 1706 1526; baseline 0.001 -16"><span class='ocrx_word' id='word_1_94' title='bbox 199 1479 296 1511; x_wconf 91' lang='lat' dir='ltr'>non</span> <span class='ocrx_word' id='word_1_95' title='bbox 339 1460 555 1526; x_wconf 84' lang='lat' dir='ltr'>possint,</span> <span class='ocrx_word' id='word_1_96' title='bbox 600 1460 787 1526; x_wconf 87' lang='lat' dir='ltr'>partim</span> <span class='ocrx_word' id='word_1_97' title='bbox 828 1465 959 1510; x_wconf 87' lang='lat' dir='ltr'>certe</span> <span class='ocrx_word' id='word_1_98' title='bbox 1005 1460 1058 1510; x_wconf 92' lang='lat' dir='ltr'>in</span> <span class='ocrx_word' id='word_1_99' title='bbox 1099 1460 1376 1510; x_wconf 87' lang='lat' dir='ltr'>Athenaeis</span> <span class='ocrx_word' id='word_1_100' title='bbox 1426 1459 1706 1511; x_wconf 84' lang='lat' dir='ltr'>academica</span> 
     </span>
     <span class='ocr_line' id='line_1_15' title="bbox 199 1553 885 1605; baseline -0.003 0"><span class='ocrx_word' id='word_1_101' title='bbox 199 1553 491 1605; x_wconf 83' lang='lat' dir='ltr'>erudiantur</span> <span class='ocrx_word' id='word_1_102' title='bbox 524 1553 885 1603; x_wconf 86' lang='lat' dir='ltr'>institutione.&#39;&#39;</span> 
     </span>
    </p>

    <p class='ocr_par' dir='ltr' id='par_1_3' title="bbox 196 1645 1704 2922">
     <span class='ocr_line' id='line_1_16' title="bbox 268 1645 1703 1715; baseline -0.001 -17"><span class='ocrx_word' id='word_1_103' title='bbox 268 1648 381 1698; x_wconf 92' lang='lat' dir='ltr'>Non</span> <span class='ocrx_word' id='word_1_104' title='bbox 417 1666 654 1715; x_wconf 86' lang='lat' dir='ltr'>quaeram</span> <span class='ocrx_word' id='word_1_105' title='bbox 689 1666 752 1697; x_wconf 88' lang='lat' dir='ltr'>an</span> <span class='ocrx_word' id='word_1_106' title='bbox 787 1646 1092 1714; x_wconf 82' lang='lat' dir='ltr'>professores</span> <span class='ocrx_word' id='word_1_107' title='bbox 1128 1647 1379 1698; x_wconf 88' lang='lat' dir='ltr'>Athenaei</span> <span class='ocrx_word' id='word_1_108' title='bbox 1418 1645 1703 1698; x_wconf 86' lang='lat' dir='ltr'>Amstelae-</span> 
     </span>
     <span class='ocr_line' id='line_1_17' title="bbox 198 1739 1704 1808; baseline -0.001 -18"><span class='ocrx_word' id='word_1_109' title='bbox 198 1740 447 1791; x_wconf 87' lang='lat' dir='ltr'>damensis</span> <span class='ocrx_word' id='word_1_110' title='bbox 475 1758 674 1806; x_wconf 88' lang='lat' dir='ltr'>semper</span> <span class='ocrx_word' id='word_1_111' title='bbox 695 1739 812 1790; x_wconf 88' lang='lat' dir='ltr'>huic</span> <span class='ocrx_word' id='word_1_112' title='bbox 840 1739 945 1808; x_wconf 82' lang='lat' dir='ltr'>legi</span> <span class='ocrx_word' id='word_1_113' title='bbox 968 1739 1445 1807; x_wconf 86' lang='lat' dir='ltr'>obtemperaverint,</span> <span class='ocrx_word' id='word_1_114' title='bbox 1470 1743 1560 1790; x_wconf 89' lang='lat' dir='ltr'>aut</span> <span class='ocrx_word' id='word_1_115' title='bbox 1582 1757 1704 1790; x_wconf 89' lang='lat' dir='ltr'>non-</span> 
     </span>
     <span class='ocr_line' id='line_1_18' title="bbox 199 1812 1701 1900; baseline 0 -17"><span class='ocrx_word' id='word_1_116' title='bbox 199 1832 350 1898; x_wconf 88' lang='lat' dir='ltr'>nulli,</span> <span class='ocrx_word' id='word_1_117' title='bbox 387 1812 566 1883; x_wconf 74' lang='lat' dir='ltr'>liarum</span> <span class='ocrx_word' id='word_1_118' title='bbox 593 1832 736 1899; x_wconf 88' lang='lat' dir='ltr'>quasi</span> <span class='ocrx_word' id='word_1_119' title='bbox 770 1832 1118 1900; x_wconf 85' lang='lat' dir='ltr'>angustiarum</span> <span class='ocrx_word' id='word_1_120' title='bbox 1144 1833 1386 1899; x_wconf 85' lang='lat' dir='ltr'>pertaesi,</span> <span class='ocrx_word' id='word_1_121' title='bbox 1413 1831 1701 1899; x_wconf 87' lang='lat' dir='ltr'>limitesque</span> 
     </span>
     <span class='ocr_line' id='line_1_19' title="bbox 199 1925 1703 1994; baseline -0.001 -18"><span class='ocrx_word' id='word_1_122' title='bbox 199 1925 326 1993; x_wconf 87' lang='lat' dir='ltr'>legis</span> <span class='ocrx_word' id='word_1_123' title='bbox 354 1925 678 1994; x_wconf 80' lang='lat' dir='ltr'>transgressi,</span> <span class='ocrx_word' id='word_1_124' title='bbox 705 1943 817 1976; x_wconf 88' lang='grc'><strong>011111</strong></span> <span class='ocrx_word' id='word_1_125' title='bbox 844 1925 1160 1976; x_wconf 87' lang='grc'><strong>11181110110110</strong></span> <span class='ocrx_word' id='word_1_126' title='bbox 1189 1926 1468 1977; x_wconf 89' lang='lat' dir='ltr'>academica</span> <span class='ocrx_word' id='word_1_127' title='bbox 1493 1925 1567 1975; x_wconf 89' lang='lat' dir='ltr'>ita</span> <span class='ocrx_word' id='word_1_128' title='bbox 1590 1943 1703 1976; x_wconf 91' lang='lat' dir='ltr'>con-</span> 
     </span>
     <span class='ocr_line' id='line_1_20' title="bbox 199 2017 1700 2085; baseline 0 -17"><span class='ocrx_word' id='word_1_129' title='bbox 199 2018 474 2083; x_wconf 86' lang='lat' dir='ltr'>tenderint,</span> <span class='ocrx_word' id='word_1_130' title='bbox 513 2023 571 2068; x_wconf 90' lang='lat' dir='ltr'>ut</span> <span class='ocrx_word' id='word_1_131' title='bbox 610 2023 817 2085; x_wconf 88' lang='lat' dir='ltr'>propter</span> <span class='ocrx_word' id='word_1_132' title='bbox 853 2018 1160 2085; x_wconf 78' lang='lat' dir='ltr'>paucitatem</span> <span class='ocrx_word' id='word_1_133' title='bbox 1202 2017 1540 2085; x_wconf 87' lang='lat' dir='ltr'>professorum</span> <span class='ocrx_word' id='word_1_134' title='bbox 1570 2036 1700 2068; x_wconf 89' lang='lat' dir='ltr'>unus</span> 
     </span>
     <span class='ocr_line' id='line_1_21' title="bbox 198 2110 1699 2179; baseline 0.001 -19"><span class='ocrx_word' id='word_1_135' title='bbox 198 2117 250 2160; x_wconf 88' lang='lat' dir='ltr'>et</span> <span class='ocrx_word' id='word_1_136' title='bbox 288 2110 418 2161; x_wconf 84' lang='lat' dir='ltr'>alter</span> <span class='ocrx_word' id='word_1_137' title='bbox 456 2129 625 2162; x_wconf 90' lang='lat' dir='ltr'>omnes</span> <span class='ocrx_word' id='word_1_138' title='bbox 661 2111 765 2162; x_wconf 88' lang='lat' dir='ltr'>fere</span> <span class='ocrx_word' id='word_1_139' title='bbox 798 2110 1088 2178; x_wconf 88' lang='lat' dir='ltr'>disciplinae</span> <span class='ocrx_word' id='word_1_140' title='bbox 1120 2129 1238 2162; x_wconf 89' lang='lat' dir='ltr'>suae</span> <span class='ocrx_word' id='word_1_141' title='bbox 1261 2116 1433 2179; x_wconf 87' lang='lat' dir='ltr'>partes</span> <span class='ocrx_word' id='word_1_142' title='bbox 1462 2110 1699 2162; x_wconf 86' lang='lat' dir='ltr'>traderet.</span> 
     </span>
     <span class='ocr_line' id='line_1_22' title="bbox 199 2203 1702 2255; baseline 0 -1"><span class='ocrx_word' id='word_1_143' title='bbox 199 2203 594 2255; x_wconf 87' lang='lat' dir='ltr'>Admirabantur</span> <span class='ocrx_word' id='word_1_144' title='bbox 638 2223 755 2255; x_wconf 90' lang='lat' dir='ltr'>sane</span> <span class='ocrx_word' id='word_1_145' title='bbox 796 2204 1023 2255; x_wconf 88' lang='lat' dir='ltr'>nonnulli</span> <span class='ocrx_word' id='word_1_146' title='bbox 1065 2210 1259 2255; x_wconf 84' lang='lat' dir='ltr'>tantam</span> <span class='ocrx_word' id='word_1_147' title='bbox 1305 2204 1605 2255; x_wconf 87' lang='lat' dir='ltr'>industriam</span> <span class='ocrx_word' id='word_1_148' title='bbox 1650 2208 1702 2254; x_wconf 90' lang='lat' dir='ltr'>et</span> 
     </span>
     <span class='ocr_line' id='line_1_23' title="bbox 200 2294 1701 2366; baseline 0.001 -19"><span class='ocrx_word' id='word_1_149' title='bbox 200 2296 573 2364; x_wconf 82' lang='lat' dir='ltr'>praedicabant:</span> <span class='ocrx_word' id='word_1_150' title='bbox 622 2298 673 2347; x_wconf 91' lang='lat' dir='ltr'>in</span> <span class='ocrx_word' id='word_1_151' title='bbox 722 2317 820 2365; x_wconf 89' lang='lat' dir='ltr'>quo</span> <span class='ocrx_word' id='word_1_152' title='bbox 869 2316 1024 2366; x_wconf 92' lang='lat' dir='ltr'>quum</span> <span class='ocrx_word' id='word_1_153' title='bbox 1075 2301 1377 2365; x_wconf 87' lang='lat' dir='ltr'>usurparent</span> <span class='ocrx_word' id='word_1_154' title='bbox 1427 2296 1556 2347; x_wconf 87' lang='lat' dir='ltr'>illud</span> <span class='ocrx_word' id='word_1_155' title='bbox 1591 2294 1701 2363; x_wconf 68' lang='grc' dir='ltr'><em>ἔρδει</em></span> 
     </span>
     <span class='ocr_line' id='line_1_24' title="bbox 196 2390 1699 2458; baseline -0.001 -16"><span class='ocrx_word' id='word_1_156' title='bbox 196 2392 288 2458; x_wconf 64' lang='grc' dir='ltr'>γὰρ</span> <span class='ocrx_word' id='word_1_157' title='bbox 310 2391 486 2443; x_wconf 74' lang='grc' dir='ltr'><strong><em>πολλῶν</em></strong></span> <span class='ocrx_word' id='word_1_158' title='bbox 509 2392 617 2453; x_wconf 72' lang='grc' dir='ltr'>ἄξια</span> <span class='ocrx_word' id='word_1_159' title='bbox 638 2398 792 2456; x_wconf 71' lang='grc' dir='ltr'><strong><em>μοῦνος</em></strong></span> <span class='ocrx_word' id='word_1_160' title='bbox 812 2390 917 2454; x_wconf 73' lang='grc' dir='ltr'><strong>ἐών,</strong></span> <span class='ocrx_word' id='word_1_161' title='bbox 950 2409 1048 2442; x_wconf 92' lang='lat' dir='ltr'>non</span> <span class='ocrx_word' id='word_1_162' title='bbox 1079 2391 1464 2443; x_wconf 80' lang='lat' dir='ltr'>recordabantur</span> <span class='ocrx_word' id='word_1_163' title='bbox 1488 2391 1699 2441; x_wconf 80' lang='lat' dir='ltr'>Poe&#39;tam</span> 
     </span>
     <span class='ocr_line' id='line_1_25' title="bbox 199 2483 1696 2553; baseline 0.001 -19"><span class='ocrx_word' id='word_1_164' title='bbox 199 2483 400 2535; x_wconf 85' lang='lat' dir='ltr'>laudaro</span> <span class='ocrx_word' id='word_1_165' title='bbox 431 2484 644 2535; x_wconf 87' lang='lat' dir='ltr'>militem</span> <span class='ocrx_word' id='word_1_166' title='bbox 671 2491 955 2550; x_wconf 88' lang='lat' dir='ltr'>strenuum,</span> <span class='ocrx_word' id='word_1_167' title='bbox 993 2485 1079 2553; x_wconf 91' lang='lat' dir='ltr'>qui</span> <span class='ocrx_word' id='word_1_168' title='bbox 1114 2485 1289 2536; x_wconf 88' lang='lat' dir='ltr'>multis</span> <span class='ocrx_word' id='word_1_169' title='bbox 1320 2484 1584 2552; x_wconf 84' lang='lat' dir='ltr'>prostratis</span> <span class='ocrx_word' id='word_1_170' title='bbox 1609 2483 1696 2535; x_wconf 91' lang='lat' dir='ltr'>ho·</span> 
     </span>
     <span class='ocr_line' id='line_1_26' title="bbox 197 2576 1698 2645; baseline -0.001 -18"><span class='ocrx_word' id='word_1_171' title='bbox 197 2576 355 2627; x_wconf 77' lang='lat' dir='ltr'>stibus</span> <span class='ocrx_word' id='word_1_172' title='bbox 390 2577 494 2643; x_wconf 79' lang='lat' dir='ltr'>ipso</span> <span class='ocrx_word' id='word_1_173' title='bbox 526 2576 737 2645; x_wconf 85' lang='lat' dir='ltr'>denique</span> <span class='ocrx_word' id='word_1_174' title='bbox 762 2576 1085 2628; x_wconf 76' lang='lat' dir='ltr'>occumberet.</span> <span class='ocrx_word' id='word_1_175' title='bbox 1131 2578 1230 2629; x_wconf 72' lang='lat' dir='ltr'>sed</span> <span class='ocrx_word' id='word_1_176' title='bbox 1259 2578 1571 2645; x_wconf 89' lang='lat' dir='ltr'>Lennepium</span> <span class='ocrx_word' id='word_1_177' title='bbox 1600 2593 1698 2626; x_wconf 91' lang='lat' dir='ltr'>non</span> 
     </span>
     <span class='ocr_line' id='line_1_27' title="bbox 199 2662 1699 2738; baseline 0 -20"><span class='ocrx_word' id='word_1_178' title='bbox 199 2668 331 2734; x_wconf 63' lang='lat' dir='ltr'>fugit</span> <span class='ocrx_word' id='word_1_179' title='bbox 362 2669 449 2718; x_wconf 80' lang='grc'><strong>1100</strong></span> <span class='ocrx_word' id='word_1_180' title='bbox 480 2670 861 2733; x_wconf 77' lang='lat' dir='ltr'>incommodum,</span> <span class='ocrx_word' id='word_1_181' title='bbox 898 2671 1204 2738; x_wconf 87' lang='lat' dir='ltr'>paulumque</span> <span class='ocrx_word' id='word_1_182' title='bbox 1233 2689 1262 2721; x_wconf 90' lang='lat' dir='ltr'>a</span> <span class='ocrx_word' id='word_1_183' title='bbox 1296 2671 1436 2738; x_wconf 88' lang='lat' dir='ltr'>prius</span> <span class='ocrx_word' id='word_1_184' title='bbox 1469 2662 1699 2735; x_wconf 80' lang='lat' dir='ltr'>suscepta</span> 
     </span>
     <span class='ocr_line' id='line_1_28' title="bbox 198 2761 1699 2831; baseline 0.003 -24"><span class='ocrx_word' id='word_1_185' title='bbox 198 2762 426 2828; x_wconf 81' lang='lat' dir='ltr'>opinione</span> <span class='ocrx_word' id='word_1_186' title='bbox 460 2761 689 2825; x_wconf 77' lang='lat' dir='ltr'>‹lofloxit3</span> <span class='ocrx_word' id='word_1_187' title='bbox 727 2763 993 2813; x_wconf 72' lang='lat' dir='ltr'>identidem</span> <span class='ocrx_word' id='word_1_188' title='bbox 1035 2768 1166 2813; x_wconf 84' lang='lat' dir='ltr'>corte</span> <span class='ocrx_word' id='word_1_189' title='bbox 1212 2763 1433 2831; x_wconf 82' lang='lat' dir='ltr'>aliquam</span> <span class='ocrx_word' id='word_1_190' title='bbox 1480 2762 1699 2829; x_wconf 89' lang='lat' dir='ltr'>antiqui-</span> 
     </span>
     <span class='ocr_line' id='line_1_29' title="bbox 201 2853 1698 2922; baseline 0 -19"><span class='ocrx_word' id='word_1_191' title='bbox 201 2853 318 2903; x_wconf 71' lang='lat' dir='ltr'>tatis</span> <span class='ocrx_word' id='word_1_192' title='bbox 349 2861 537 2920; x_wconf 74' lang='lat' dir='ltr'>partem</span> <span class='ocrx_word' id='word_1_193' title='bbox 569 2873 683 2920; x_wconf 75' lang='lat' dir='ltr'>prae</span> <span class='ocrx_word' id='word_1_194' title='bbox 718 2855 923 2922; x_wconf 70' lang='lat' dir='ltr'>reliquis</span> <span class='ocrx_word' id='word_1_195' title='bbox 954 2856 1228 2906; x_wconf 76' lang='lat' dir='ltr'>accuratius</span> <span class='ocrx_word' id='word_1_196' title='bbox 1253 2862 1465 2907; x_wconf 82' lang='lat' dir='ltr'>tractare</span> <span class='ocrx_word' id='word_1_197' title='bbox 1496 2872 1698 2905; x_wconf 87' lang='lat' dir='ltr'>consue-</span> 
     </span>
    </p>
   </div>
  </div>
 </body>
</html>
