1748 3224
586 231 624 260 ιιι
661 231 824 262 nzsiom
857 230 1031 262 scvrvu.
1498 213 1557 262 73

61 344 309 402 exponitur
349 335 453 399 ἅμα
483 335 683 391 ἐπίπονος
714 339 790 386 καὶ
822 338 1027 404 αἰσχροὶ,
1057 345 1280 403 simulque
1314 344 1368 387 ad
1403 344 1554 388 Hesio-

59 419 180 463 dum>
201 428 488 477 provocatur,
521 420 572 462 in
596 420 723 462 ouius
747 428 898 463 tamen
918 421 1123 478 reliquiis
1143 420 1336 478 simplex
1352 415 1555 479 σμυγερὴ

0 529 1 545 ff
58 509 154 538 non
175 503 346 549 ·exstat;
385 497 503 539 unde
543 497 748 538 videatur
777 497 934 554 Etym.
966 497 1089 539 hunc
1119 497 1552 554 locumx'etcompo-

56 570 195 613 situm
228 562 502 630 ἓτισμυγερῐς
539 571 791 629 respexisse.
850 573 1114 615 Formatum
1152 572 1257 615 inde
1289 570 1553 616 adverbium

57 635 364 705 ἐπισμυγερῶς
394 654 532 690 exstat
561 647 679 705 apud
709 647 840 691 Hom.
873 646 958 691 Od.
991 648 1040 690 Γ.
1077 650 1182 700 195,
1216 647 1271 689 Δ.
1305 647 1405 691 672.

56 795 69 833 ’.
92 830 95 834 .
117 811 161 840 v.
182 797 284 842 265.-
325 789 575 856 ἀϋσταλέη]
638 796 713 841 Gl.
737 797 834 840 Par.
859 797 914 842 G.
947 792 1068 856 ξηρὸν
1099 792 1325 857 πρόσωπον
1357 793 1552 858 ἔχουσα.

55 858 236 927 Scilicet
283 873 338 916 ab
388 867 479 917 οιῦω
495 905 508 924 ,
563 882 723 927 torreo,
773 873 984 916 torrendo
1033 873 1167 924 sicco,
1207 872 1416 926 arefacio,
1447 882 1554 917 suut

55 941 245 996 αὗαλέος
275 956 320 991 et
351 949 405 992 ab
436 942 620 1003 αὐστός,
652 941 922 996 αὐσταλέος,
946 949 1112 1001 aridus,
1135 950 1287 1001 siccum
1311 949 1551 1008 squalidus,

53 1025 199 1082 qualis
244 1031 308 1067 est
355 1024 536 1067 habitus
578 1024 758 1067 miseria
796 1040 844 1068 ac
884 1023 1002 1068 fame
1045 1024 1327 1069 afflictorum.
1402 1025 1554 1083 Itaque

54 1100 232 1158 Vl'ysses
260 1101 555 1145 mendicantis
581 1101 742 1144 habitu
774 1092 1022 1148 ἀϋσταλέος
1053 1102 1221 1144 dicitur
1250 1101 1368 1159 apud
1390 1100 1554 1144 Home-

54 1190 161 1218 rum
199 1175 285 1219 Od.
329 1177 382 1219 T.
413 1178 521 1230 327,
560 1176 639 1219 ubi
675 1177 725 1219 in
761 1175 911 1219 Schol.
951 1176 999 1220 Β.
1033 1177 1279 1235 exponitur
1307 1169 1550 1236 αὐχμηρός.

13 1259 16 1263 ’
54 1249 127 1294 Sic
153 1251 288 1294 etiam
311 1259 375 1294 est
401 1252 519 1311 apud
533 1253 743 1311 Apollon.
760 1252 848 1296 Rh.
863 1252 921 1294 II.
939 1253 1026 1295 200
1045 1267 1131 1310 seq.
1154 1253 1207 1295 de
1221 1252 1412 1296 Phineo:
1443 1247 1552 1310 πίνῳ

53 1318 104 1371 δέ
127 1321 202 1370 3022
225 1322 473 1375 αὐσταλέος
507 1322 638 1388 ,χρὼς
667 1320 881 1380 ἐσκλήκει.
955 1326 1084 1371 Conf.
1124 1326 1302 1371 ‘Schaefi
1334 1335 1378 1370 et
1407 1327 1552 1371 Kiess-

53 1402 166 1460 ling.
200 1402 471 1449 ad·Theocr.
505 1404 569 1447 Id.
602 1404 724 1448 XIV.
758 1403 799 1448 4.

117 1470 235 1536 λιμῷ
261 1475 626 1533 καταπεπτηυῖα,
659 1477 853 1522 membris
869 1479 997 1537 fame
1027 1478 1240 1536 collapsis.
1300 1478 1433 1523 Ovid.
1469 1481 1552 1538 Ep.

53 1553 156 1598 Her.
194 1554 315 1598 XXI.
349 1554 456 1598 215:
500 1554 769 1597 Concidimus
806 1561 955 1597 mac-ie.¹
1026 1549 1302 1610 zum-imm
1342 1569 1394 1598 eo
1423 1570 1551 1598 sensu

53 1628 262 1687 frequens
292 1631 407 1688 apud
441 1630 774 1689 Hippocratem.
834 1631 939 1675 Vid.
969 1631 1150 1674 Foesius
1178 1630 1229 1673 in
1260 1630 1357 1673 Ind.

111 1796 155 1826 v.
178 1782 280 1826 266.
300 1816 302 1818 -
321 1774 628 1840 γουνοπαγῆς]
689 1781 953 1839 Rigentibus
989 1797 1047 1824 ex
1087 1797 1248 1840 angore
1292 1782 1436 1825 animi
1480 1785 1551 1827 vel

51 1855 172 1900 fame
203 1857 416 1915 genubus.
480 1859 544 1901 De
582 1857 894 1901 Andromache
922 1871 1056 1915 super
1085 1857 1389 1901 mnrstimrte
1415 1859 1551 1902 anxia

50 1931 269 1976 Homerus
311 1933 381 1975 Il..
409 1933 463 1976 X.
498 1933 604 1975 452:
645 1924 757 1990 νέρθε
791 1924 844 1976 δὲ
875 1930 1013 1990 ’γοῦνα
1045 1927 1293 1990 πήγνυται;
1334 1934 1392 1976 de
1432 1933 1552 1976 fame

49 2007 183 2053 Ovid.
198 2009 302 2052 Met.
321 2009 444 2054 VIII.
459 2011 546 2052 808
561 2023 674 2066 seq.=
695 2009 905 2050 *Auxerat
932 2009 1132 2051 articulos
1157 2014 1313 2050 macies·
1321 2041 1334 2061 ,
1349 2023 1550 2067 genuum-

49 2100 127 2144 que
146 2084 308 2142 rigebat
328 2080 455 2128 orbis.
499 2083 668 2141 Quodsi
692 2099 794 2126 cum
816 2083 866 2128 C.
889 2083 944 2128 Ο.
967 2085 1188 2127 Muellero
1208 2092 1261 2127 et
1271 2085 1550 2143 Goettlingio

46 2160 328 2218 quorundam
361 2167 411 2202 ut
440 2160 736 2218 scriptorum,
780 2159 842 2202 ita
883 2160 1106 2203 editorum
1139 2160 1363 2203 librorum
1396 2172 1551 2219 ‘yovvo-

46 2229 204 2295 παχῆς
246 2234 423 2293 probes,
467 2235 774 2293 accipiendum
806 2235 893 2277 erit
923 2236 1092 2278 tumidis
1120 2234 1330 2294 genubus,
1366 2236 1448 2294 qui
1482 2235 1549 2280 fa·

47 2311 133 2354 mis
170 2310 345 2354 effectus
375 2311 602 2354 indicatur
631 2298 760 2369 Ἕργ.
796 2313 896 2355 497.

109 2381 270 2444 μακροὶ
303 2377 344 2429 δ’
381 2380 540 2446 ὄνυχες
573 2381 691 2446 χείρ.
722 2379 924 2444 ,ὑπ-ἦσαν]
969 2387 1202 2430 Pertinent
1220 2387 1327 2430 haec
1350 2387 1403 2429 ad
1422 2401 1548 2443 squa-

46 2463 187 2505 lorem
219 2462 428 2505 tristitiae
452 2463 707 2521 proprium.
751 2464 859 2506 Erat
881 2478 977 2505 mos
999 2463 1268 2521 lugentibus,
1293 2471 1347 2505 ut
1369 2462 1549 2505 barbam

2 2566 3 2570 =
45 2545 91 2580 et
114 2537 324 2595 capillos,
367 2538 431 2580 ita
458 2553 627 2596 ungues
660 2539 802 2590 alere,
832 2539 970 2581 etiam
1005 2554 1092 2596 quo
1130 2539 1328 2597 aptiores.
1358 2537 1445 2581 sibi
1469 2538 1544 2581 ha-

44 2611 200 2655 berent
225 2613 277 2656 ad
303 2614 590 2657 lacerandum
619 2624 761 2672 genas.

61 2787 64 2790 ⁴
91 2778 145 2808 ν.
166 2765 266 2808 267.
309 2760 385 2818 τῆς
407 2756 461 2807 ἐκ·
485 2761 575 2820 μὲν
593 2759 707 2822 ῥινῶν
735 2763 871 2822 μύξαι
902 2760 1010 2824 ῥέον]
1075 2767 1197 2810 Bene·
1217 2766 1539 2824 Goettlingius:
