<?xml version="1.0" encoding="UTF-8"?>
<!DOCTYPE html PUBLIC "-//W3C//DTD XHTML 1.0 Transitional//EN"
    "http://www.w3.org/TR/xhtml1/DTD/xhtml1-transitional.dtd">
<html xmlns="http://www.w3.org/1999/xhtml" xml:lang="en" lang="en">
 <head>
  <title>
</title>
<meta http-equiv="Content-Type" content="text/html;charset=utf-8" />
  <meta name='ocr-system' content='tesseract 3.04.00' />
  <meta name='ocr-capabilities' content='ocr_page ocr_carea ocr_par ocr_line ocrx_word'/>
</head>
<body>
  <div class='ocr_page' id='page_1' title='image "./scutumherculisli00hesiuoft_0181.png"; bbox 0 0 1748 3224; ppageno 0'>
   <div class='ocr_carea' id='block_1_1' title="bbox 599 232 1571 280">
    <p class='ocr_par' dir='ltr' id='par_1_1' title="bbox 599 232 1571 280">
     <span class='ocr_line' id='line_1_1' title="bbox 599 232 1571 280; baseline 0.002 -2"><span class='ocrx_word' id='word_1_1' title='bbox 599 250 641 279; x_wconf 69' lang='lat' dir='ltr'>nv</span> <span class='ocrx_word' id='word_1_2' title='bbox 676 249 837 280; x_wconf 67' lang='lat' dir='ltr'>ansioni</span> <span class='ocrx_word' id='word_1_3' title='bbox 866 249 1047 280; x_wconf 70' lang='lat' dir='ltr'>scvrvn.</span> <span class='ocrx_word' id='word_1_4' title='bbox 1507 232 1571 280; x_wconf 83' lang='lat'>93</span> 
     </span>
    </p>
   </div>
   <div class='ocr_carea' id='block_1_2' title="bbox 55 363 1569 1543">
    <p class='ocr_par' dir='ltr' id='par_1_2' title="bbox 55 363 1569 1543">
     <span class='ocr_line' id='line_1_2' title="bbox 69 363 1566 422; baseline -0.001 -14"><span class='ocrx_word' id='word_1_5' title='bbox 69 365 124 409; x_wconf 89' lang='lat' dir='ltr'>ab</span> <span class='ocrx_word' id='word_1_6' title='bbox 153 364 490 422; x_wconf 83' lang='lat' dir='ltr'>Nestore&#39;(ibid.</span> <span class='ocrx_word' id='word_1_7' title='bbox 525 364 654 422; x_wconf 82' lang='lat'>765),</span> <span class='ocrx_word' id='word_1_8' title='bbox 699 365 892 408; x_wconf 83' lang='lat' dir='ltr'>Glaucus</span> <span class='ocrx_word' id='word_1_9' title='bbox 922 381 946 407; x_wconf 85' lang='lat' dir='ltr'>a</span> <span class='ocrx_word' id='word_1_10' title='bbox 978 364 1230 422; x_wconf 81' lang='lat' dir='ltr'><strong>Sarpedone</strong></span> <span class='ocrx_word' id='word_1_11' title='bbox 1259 363 1334 421; x_wconf 88' lang='lat'>(11.</span> <span class='ocrx_word' id='word_1_12' title='bbox 1366 364 1428 408; x_wconf 91' lang='lat' dir='ltr'>M.</span> <span class='ocrx_word' id='word_1_13' title='bbox 1458 366 1566 416; x_wconf 87' lang='lat'>322,</span> 
     </span>
     <span class='ocr_line' id='line_1_3' title="bbox 69 438 1568 498; baseline -0.001 -13"><span class='ocrx_word' id='word_1_14' title='bbox 69 442 126 485; x_wconf 89' lang='grc' dir='ltr'>Π.</span> <span class='ocrx_word' id='word_1_15' title='bbox 169 439 293 495; x_wconf 81' lang='lat'>492),</span> <span class='ocrx_word' id='word_1_16' title='bbox 344 440 639 484; x_wconf 73' lang='lat' dir='ltr'>Achivorum&#39;</span> <span class='ocrx_word' id='word_1_17' title='bbox 667 440 887 498; x_wconf 86' lang='lat' dir='ltr'>principes</span> <span class='ocrx_word' id='word_1_18' title='bbox 930 446 968 482; x_wconf 77' lang='lat' dir='ltr'>a&#39;</span> <span class='ocrx_word' id='word_1_19' title='bbox 994 439 1204 498; x_wconf 85' lang='lat' dir='ltr'>Neptuno</span> <span class='ocrx_word' id='word_1_20' title='bbox 1241 439 1314 497; x_wconf 83' lang='grc' dir='ltr'>(ΙΙ.</span> <span class='ocrx_word' id='word_1_21' title='bbox 1344 438 1397 482; x_wconf 87' lang='lat' dir='ltr'>N.</span> <span class='ocrx_word' id='word_1_22' title='bbox 1442 439 1568 496; x_wconf 90' lang='lat'>120),</span> 
     </span>
     <span class='ocr_line' id='line_1_4' title="bbox 67 514 1568 576; baseline -0.003 -16"><span class='ocrx_word' id='word_1_23' title='bbox 67 517 237 560; x_wconf 86' lang='lat' dir='ltr'>Teucer</span> <span class='ocrx_word' id='word_1_24' title='bbox 273 516 328 558; x_wconf 88' lang='lat' dir='ltr'>ab</span> <span class='ocrx_word' id='word_1_25' title='bbox 366 515 494 560; x_wconf 86' lang='lat' dir='ltr'>Aiace</span> <span class='ocrx_word' id='word_1_26' title='bbox 535 515 608 576; x_wconf 92' lang='lat' dir='ltr'>(Il.</span> <span class='ocrx_word' id='word_1_27' title='bbox 649 514 704 559; x_wconf 89' lang='lat' dir='ltr'>O.</span> <span class='ocrx_word' id='word_1_28' title='bbox 751 516 858 567; x_wconf 84' lang='lat'>437,</span> <span class='ocrx_word' id='word_1_29' title='bbox 892 515 1020 573; x_wconf 87' lang='lat'>472),</span> <span class='ocrx_word' id='word_1_30' title='bbox 1062 515 1281 558; x_wconf 86' lang='lat' dir='ltr'>Meriones</span> <span class='ocrx_word' id='word_1_31' title='bbox 1312 530 1335 558; x_wconf 88' lang='lat' dir='ltr'>a</span> <span class='ocrx_word' id='word_1_32' title='bbox 1368 514 1568 558; x_wconf 84' lang='lat' dir='ltr'>Patroclo</span> 
     </span>
     <span class='ocr_line' id='line_1_5' title="bbox 65 589 1567 649; baseline -0.003 -14"><span class='ocrx_word' id='word_1_33' title='bbox 65 592 140 649; x_wconf 91' lang='lat' dir='ltr'>(Il.</span> <span class='ocrx_word' id='word_1_34' title='bbox 170 592 228 636; x_wconf 84' lang='lat' dir='ltr'>H·</span> <span class='ocrx_word' id='word_1_35' title='bbox 260 591 392 648; x_wconf 86' lang='lat'>628),</span> <span class='ocrx_word' id='word_1_36' title='bbox 437 591 629 636; x_wconf 83' lang='lat' dir='ltr'><strong>Glaucus</strong></span> <span class='ocrx_word' id='word_1_37' title='bbox 667 590 720 634; x_wconf 89' lang='lat' dir='ltr'>ab</span> <span class='ocrx_word' id='word_1_38' title='bbox 760 590 945 634; x_wconf 83' lang='lat' dir='ltr'>Hectore</span> <span class='ocrx_word' id='word_1_39' title='bbox 979 590 1053 648; x_wconf 86' lang='lat'>(11.</span> <span class='ocrx_word' id='word_1_40' title='bbox 1087 591 1133 635; x_wconf 92' lang='lat' dir='ltr'>P.</span> <span class='ocrx_word' id='word_1_41' title='bbox 1169 589 1294 648; x_wconf 91' lang='lat'>171),</span> <span class='ocrx_word' id='word_1_42' title='bbox 1337 590 1514 648; x_wconf 86' lang='lat' dir='ltr'>Vlysses</span> <span class='ocrx_word' id='word_1_43' title='bbox 1544 606 1567 631; x_wconf 89' lang='lat' dir='ltr'>a</span> 
     </span>
     <span class='ocr_line' id='line_1_6' title="bbox 64 665 1566 725; baseline 0 -15"><span class='ocrx_word' id='word_1_44' title='bbox 64 667 268 711; x_wconf 87' lang='lat' dir='ltr'>Minerva</span> <span class='ocrx_word' id='word_1_45' title='bbox 301 666 403 725; x_wconf 89' lang='lat' dir='ltr'>(Od.</span> <span class='ocrx_word' id='word_1_46' title='bbox 424 667 479 710; x_wconf 89' lang='lat' dir='ltr'>X.</span> <span class='ocrx_word' id='word_1_47' title='bbox 501 665 627 725; x_wconf 89' lang='lat'>233),</span> <span class='ocrx_word' id='word_1_48' title='bbox 640 690 706 706; x_wconf 50' lang='grc' dir='ltr'>Ἰ-ι-</span> <span class='ocrx_word' id='word_1_49' title='bbox 724 666 781 709; x_wconf 86' lang='lat' dir='ltr'>iis</span> <span class='ocrx_word' id='word_1_50' title='bbox 799 666 940 725; x_wconf 89' lang='lat' dir='ltr'>igitur</span> <span class='ocrx_word' id='word_1_51' title='bbox 956 667 1065 710; x_wconf 87' lang='lat' dir='ltr'>locis</span> <span class='ocrx_word' id='word_1_52' title='bbox 1086 666 1292 725; x_wconf 88' lang='lat' dir='ltr'>inspectis</span> <span class='ocrx_word' id='word_1_53' title='bbox 1311 666 1566 725; x_wconf 82' lang='lat' dir='ltr'>apparebit,</span> 
     </span>
     <span class='ocr_line' id='line_1_7' title="bbox 63 741 1569 801; baseline -0.002 -14"><span class='ocrx_word' id='word_1_54' title='bbox 63 759 220 787; x_wconf 90' lang='lat' dir='ltr'>eorum</span> <span class='ocrx_word' id='word_1_55' title='bbox 251 743 330 800; x_wconf 88' lang='lat' dir='ltr'>qui</span> <span class='ocrx_word' id='word_1_56' title='bbox 360 743 422 785; x_wconf 89' lang='lat' dir='ltr'>sic</span> <span class='ocrx_word' id='word_1_57' title='bbox 451 743 791 801; x_wconf 79' lang='lat' dir='ltr'>appellarentur</span> <span class='ocrx_word' id='word_1_58' title='bbox 820 741 978 793; x_wconf 85' lang='lat' dir='ltr'>simul,</span> <span class='ocrx_word' id='word_1_59' title='bbox 1009 742 1215 799; x_wconf 89' lang='lat' dir='ltr'>quamvis</span> <span class='ocrx_word' id='word_1_60' title='bbox 1235 742 1398 792; x_wconf 86' lang='lat' dir='ltr'>amice,</span> <span class='ocrx_word' id='word_1_61' title='bbox 1420 742 1569 786; x_wconf 84' lang='lat' dir='ltr'>notari</span> 
     </span>
     <span class='ocr_line' id='line_1_8' title="bbox 64 816 1569 878; baseline -0.002 -16"><span class='ocrx_word' id='word_1_62' title='bbox 64 819 384 878; x_wconf 78' lang='lat' dir='ltr'>negligentiam</span> <span class='ocrx_word' id='word_1_63' title='bbox 427 819 496 862; x_wconf 74' lang='lat' dir='ltr'>vel</span> <span class='ocrx_word' id='word_1_64' title='bbox 536 818 794 861; x_wconf 74' lang='lat' dir='ltr'>tarditatem</span> <span class='ocrx_word' id='word_1_65' title='bbox 831 818 882 860; x_wconf 89' lang='lat' dir='ltr'>in</span> <span class='ocrx_word' id='word_1_66' title='bbox 919 833 969 860; x_wconf 90' lang='lat' dir='ltr'>eo</span> <span class='ocrx_word' id='word_1_67' title='bbox 999 816 1224 869; x_wconf 88' lang='lat' dir='ltr'>faciendo,</span> <span class='ocrx_word' id='word_1_68' title='bbox 1268 818 1386 875; x_wconf 93' lang='lat' dir='ltr'>quod</span> <span class='ocrx_word' id='word_1_69' title='bbox 1426 817 1569 861; x_wconf 84' lang='lat' dir='ltr'>facere</span> 
     </span>
     <span class='ocr_line' id='line_1_9' title="bbox 63 887 1566 952; baseline 0 -16"><span class='ocrx_word' id='word_1_70' title='bbox 63 909 135 936; x_wconf 91' lang='lat' dir='ltr'>eos</span> <span class='ocrx_word' id='word_1_71' title='bbox 164 893 411 952; x_wconf 73' lang='lat' dir='ltr'>oportebat.</span> <span class='ocrx_word' id='word_1_72' title='bbox 474 889 570 950; x_wconf 68' lang='grc' dir='ltr'><em>Κρΐε</em></span> <span class='ocrx_word' id='word_1_73' title='bbox 611 887 752 934; x_wconf 81' lang='grc' dir='ltr'><em>πέπον</em></span> <span class='ocrx_word' id='word_1_74' title='bbox 788 893 919 936; x_wconf 89' lang='lat' dir='ltr'>arieti</span> <span class='ocrx_word' id='word_1_75' title='bbox 949 908 1029 936; x_wconf 89' lang='lat' dir='ltr'>suo</span> <span class='ocrx_word' id='word_1_76' title='bbox 1061 892 1252 952; x_wconf 84' lang='lat' dir='ltr'>Cyclops</span> <span class='ocrx_word' id='word_1_77' title='bbox 1282 893 1366 936; x_wconf 89' lang='lat' dir='ltr'>Od.</span> <span class='ocrx_word' id='word_1_78' title='bbox 1398 894 1435 936; x_wconf 93' lang='lat' dir='ltr'>I.</span> <span class='ocrx_word' id='word_1_79' title='bbox 1466 894 1566 945; x_wconf 77' lang='lat'>447,</span> 
     </span>
     <span class='ocr_line' id='line_1_10' title="bbox 62 969 1567 1027; baseline 0 -15"><span class='ocrx_word' id='word_1_80' title='bbox 62 969 179 1026; x_wconf 83' lang='lat' dir='ltr'>quod</span> <span class='ocrx_word' id='word_1_81' title='bbox 219 969 351 1012; x_wconf 87' lang='lat' dir='ltr'>solito</span> <span class='ocrx_word' id='word_1_82' title='bbox 394 970 582 1021; x_wconf 82' lang='lat' dir='ltr'>tardius,</span> <span class='ocrx_word' id='word_1_83' title='bbox 623 984 789 1027; x_wconf 87' lang='lat' dir='ltr'>neque,</span> <span class='ocrx_word' id='word_1_84' title='bbox 834 977 885 1010; x_wconf 91' lang='lat' dir='ltr'>ut</span> <span class='ocrx_word' id='word_1_85' title='bbox 923 969 1020 1012; x_wconf 79' lang='lat' dir='ltr'>dux</span> <span class='ocrx_word' id='word_1_86' title='bbox 1056 970 1220 1027; x_wconf 88' lang='lat' dir='ltr'>gregis,</span> <span class='ocrx_word' id='word_1_87' title='bbox 1262 970 1458 1027; x_wconf 86' lang='lat' dir='ltr'>primus,</span> <span class='ocrx_word' id='word_1_88' title='bbox 1495 970 1567 1012; x_wconf 84' lang='lat' dir='ltr'>sed</span> 
     </span>
     <span class='ocr_line' id='line_1_11' title="bbox 55 1031 1568 1103; baseline -0.001 -15"><span class='ocrx_word' id='word_1_89' title='bbox 55 1052 312 1103; x_wconf 81' lang='lat' dir='ltr'>postremus</span> <span class='ocrx_word' id='word_1_90' title='bbox 354 1046 561 1088; x_wconf 87' lang='lat' dir='ltr'>omnium</span> <span class='ocrx_word' id='word_1_91' title='bbox 603 1054 732 1089; x_wconf 88' lang='lat' dir='ltr'>antro</span> <span class='ocrx_word' id='word_1_92' title='bbox 777 1044 937 1088; x_wconf 84' lang='lat' dir='ltr'>exiret.</span> <span class='ocrx_word' id='word_1_93' title='bbox 996 1035 1058 1086; x_wconf 64' lang='lat' dir='ltr'>‘³ss</span> <span class='ocrx_word' id='word_1_94' title='bbox 1088 1041 1256 1098; x_wconf 81' lang='grc' dir='ltr'><em>πέπον,</em></span> <span class='ocrx_word' id='word_1_95' title='bbox 1290 1031 1322 1086; x_wconf 72' lang='grc' dir='ltr'>ὦ</span> <span class='ocrx_word' id='word_1_96' title='bbox 1354 1038 1568 1098; x_wconf 81' lang='grc' dir='ltr'><em>Μενέλαε,</em></span> 
     </span>
     <span class='ocr_line' id='line_1_12' title="bbox 63 1119 1568 1180; baseline 0 -16"><span class='ocrx_word' id='word_1_97' title='bbox 63 1121 372 1179; x_wconf 85' lang='lat' dir='ltr'>Agamemnon</span> <span class='ocrx_word' id='word_1_98' title='bbox 402 1120 535 1165; x_wconf 85' lang='lat' dir='ltr'>fratri</span> <span class='ocrx_word' id='word_1_99' title='bbox 566 1138 644 1164; x_wconf 89' lang='lat' dir='ltr'>suo</span> <span class='ocrx_word' id='word_1_100' title='bbox 678 1122 749 1180; x_wconf 90' lang='lat' dir='ltr'>(Il.</span> <span class='ocrx_word' id='word_1_101' title='bbox 765 1122 811 1163; x_wconf 93' lang='lat' dir='ltr'>Z.</span> <span class='ocrx_word' id='word_1_102' title='bbox 826 1122 859 1164; x_wconf 95' lang='lat' dir='ltr'>l.</span> <span class='ocrx_word' id='word_1_103' title='bbox 874 1119 951 1180; x_wconf 92' lang='lat' dir='ltr'>c.),</span> <span class='ocrx_word' id='word_1_104' title='bbox 985 1122 1063 1179; x_wconf 88' lang='lat' dir='ltr'>qui</span> <span class='ocrx_word' id='word_1_105' title='bbox 1096 1137 1189 1164; x_wconf 86' lang='lat' dir='ltr'>non</span> <span class='ocrx_word' id='word_1_106' title='bbox 1218 1122 1323 1164; x_wconf 81' lang='lat' dir='ltr'>satis</span> <span class='ocrx_word' id='word_1_107' title='bbox 1353 1121 1439 1164; x_wconf 86' lang='lat' dir='ltr'>sibi</span> <span class='ocrx_word' id='word_1_108' title='bbox 1465 1137 1568 1164; x_wconf 90' lang='lat' dir='ltr'>con-</span> 
     </span>
     <span class='ocr_line' id='line_1_13' title="bbox 62 1195 1569 1255; baseline 0 -16"><span class='ocrx_word' id='word_1_109' title='bbox 62 1197 246 1249; x_wconf 85' lang='lat' dir='ltr'>suleret,</span> <span class='ocrx_word' id='word_1_110' title='bbox 289 1212 473 1255; x_wconf 84' lang='lat' dir='ltr'>parcens</span> <span class='ocrx_word' id='word_1_111' title='bbox 509 1197 715 1241; x_wconf 84' lang='lat' dir='ltr'>Troianis</span> <span class='ocrx_word' id='word_1_112' title='bbox 744 1197 930 1255; x_wconf 82' lang='lat' dir='ltr'>pessime</span> <span class='ocrx_word' id='word_1_113' title='bbox 960 1197 1013 1239; x_wconf 89' lang='lat' dir='ltr'>de</span> <span class='ocrx_word' id='word_1_114' title='bbox 1045 1196 1141 1255; x_wconf 89' lang='lat' dir='ltr'>ipso</span> <span class='ocrx_word' id='word_1_115' title='bbox 1170 1196 1360 1239; x_wconf 86' lang='lat' dir='ltr'>meritis.</span> <span class='ocrx_word' id='word_1_116' title='bbox 1422 1195 1496 1240; x_wconf 90' lang='lat' dir='ltr'>Sic</span> <span class='ocrx_word' id='word_1_117' title='bbox 1525 1206 1569 1240; x_wconf 86' lang='lat' dir='ltr'>et</span> 
     </span>
     <span class='ocr_line' id='line_1_14' title="bbox 62 1267 1568 1331; baseline 0.001 -17"><span class='ocrx_word' id='word_1_118' title='bbox 62 1271 272 1316; x_wconf 87' lang='lat' dir='ltr'>Hercules</span> <span class='ocrx_word' id='word_1_119' title='bbox 301 1272 350 1317; x_wconf 90' lang='lat' dir='ltr'>h.</span> <span class='ocrx_word' id='word_1_120' title='bbox 372 1273 404 1316; x_wconf 89' lang='lat' dir='ltr'>l.</span> <span class='ocrx_word' id='word_1_121' title='bbox 439 1271 592 1331; x_wconf 90' lang='lat' dir='ltr'>Cycno</span> <span class='ocrx_word' id='word_1_122' title='bbox 623 1269 757 1316; x_wconf 78' lang='grc' dir='ltr'><em>Κύκνε</em></span> <span class='ocrx_word' id='word_1_123' title='bbox 790 1267 955 1326; x_wconf 80' lang='grc' dir='ltr'><em>πέπον,</em></span> <span class='ocrx_word' id='word_1_124' title='bbox 984 1272 1063 1329; x_wconf 90' lang='lat' dir='ltr'>qui</span> <span class='ocrx_word' id='word_1_125' title='bbox 1090 1286 1228 1330; x_wconf 88' lang='lat' dir='ltr'>pravo</span> <span class='ocrx_word' id='word_1_126' title='bbox 1245 1273 1433 1316; x_wconf 86' lang='lat' dir='ltr'>consilio</span> <span class='ocrx_word' id='word_1_127' title='bbox 1454 1274 1568 1316; x_wconf 89' lang='lat' dir='ltr'>mal-</span> 
     </span>
     <span class='ocr_line' id='line_1_15' title="bbox 61 1346 1568 1406; baseline 0 -16"><span class='ocrx_word' id='word_1_128' title='bbox 61 1348 126 1390; x_wconf 90' lang='lat' dir='ltr'>let</span> <span class='ocrx_word' id='word_1_129' title='bbox 161 1363 264 1390; x_wconf 90' lang='lat' dir='ltr'>cum</span> <span class='ocrx_word' id='word_1_130' title='bbox 297 1346 564 1391; x_wconf 85' lang='lat' dir='ltr'>fortioribus</span> <span class='ocrx_word' id='word_1_131' title='bbox 594 1349 690 1406; x_wconf 91' lang='lat' dir='ltr'>ipso</span> <span class='ocrx_word' id='word_1_132' title='bbox 722 1363 917 1406; x_wconf 83' lang='lat' dir='ltr'>pugnam</span> <span class='ocrx_word' id='word_1_133' title='bbox 951 1348 1087 1398; x_wconf 89' lang='lat' dir='ltr'>inire,</span> <span class='ocrx_word' id='word_1_134' title='bbox 1129 1362 1263 1404; x_wconf 84' lang='lat' dir='ltr'>quam</span> <span class='ocrx_word' id='word_1_135' title='bbox 1294 1348 1390 1391; x_wconf 84' lang='lat' dir='ltr'>illis</span> <span class='ocrx_word' id='word_1_136' title='bbox 1419 1349 1473 1392; x_wconf 90' lang='lat' dir='ltr'>de</span> <span class='ocrx_word' id='word_1_137' title='bbox 1496 1349 1568 1391; x_wconf 85' lang='lat' dir='ltr'>via</span> 
     </span>
     <span class='ocr_line' id='line_1_16' title="bbox 61 1423 1565 1482; baseline 0.001 -17"><span class='ocrx_word' id='word_1_138' title='bbox 61 1423 295 1467; x_wconf 83' lang='lat' dir='ltr'>discedere.</span> <span class='ocrx_word' id='word_1_139' title='bbox 359 1424 512 1482; x_wconf 85' lang='lat' dir='ltr'>Itaque</span> <span class='ocrx_word' id='word_1_140' title='bbox 550 1424 857 1482; x_wconf 78' lang='lat' dir='ltr'>accipiendum</span> <span class='ocrx_word' id='word_1_141' title='bbox 905 1431 954 1466; x_wconf 87' lang='lat' dir='ltr'>ut</span> <span class='ocrx_word' id='word_1_142' title='bbox 992 1424 1132 1466; x_wconf 88' lang='lat' dir='ltr'>amice</span> <span class='ocrx_word' id='word_1_143' title='bbox 1173 1424 1398 1467; x_wconf 87' lang='lat' dir='ltr'>monentis</span> <span class='ocrx_word' id='word_1_144' title='bbox 1438 1439 1565 1474; x_wconf 86' lang='lat' dir='ltr'>eum,</span> 
     </span>
     <span class='ocr_line' id='line_1_17' title="bbox 60 1497 695 1543; baseline 0.005 -4"><span class='ocrx_word' id='word_1_145' title='bbox 60 1497 186 1540; x_wconf 86' lang='lat' dir='ltr'>cuius</span> <span class='ocrx_word' id='word_1_146' title='bbox 215 1498 360 1542; x_wconf 50' lang='lat' dir='ltr'>ricem</span> <span class='ocrx_word' id='word_1_147' title='bbox 392 1499 695 1543; x_wconf 85' lang='lat' dir='ltr'>miseraretur.</span> 
     </span>
    </p>
   </div>
   <div class='ocr_carea' id='block_1_3' title="bbox 57 1639 1569 2463">
    <p class='ocr_par' dir='ltr' id='par_1_3' title="bbox 57 1639 1568 1860">
     <span class='ocr_line' id='line_1_18' title="bbox 121 1639 1568 1712; baseline -0.001 -20"><span class='ocrx_word' id='word_1_148' title='bbox 121 1663 164 1692; x_wconf 89' lang='lat' dir='ltr'>v.</span> <span class='ocrx_word' id='word_1_149' title='bbox 191 1651 293 1693; x_wconf 78' lang='lat'>353.</span> <span class='ocrx_word' id='word_1_150' title='bbox 338 1639 426 1693; x_wconf 74' lang='grc' dir='ltr'><em>εἷκε</em></span> <span class='ocrx_word' id='word_1_151' title='bbox 457 1646 598 1709; x_wconf 59' lang='grc' dir='ltr'><em>παρὲξ</em></span> <span class='ocrx_word' id='word_1_152' title='bbox 639 1644 767 1712; x_wconf 70' lang='grc' dir='ltr'><em>ἰέναι]</em></span> <span class='ocrx_word' id='word_1_153' title='bbox 834 1653 964 1704; x_wconf 80' lang='lat' dir='ltr'>Cede,</span> <span class='ocrx_word' id='word_1_154' title='bbox 998 1653 1094 1696; x_wconf 86' lang='lat' dir='ltr'>scil.</span> <span class='ocrx_word' id='word_1_155' title='bbox 1120 1652 1174 1695; x_wconf 85' lang='lat' dir='ltr'>de</span> <span class='ocrx_word' id='word_1_156' title='bbox 1195 1652 1289 1703; x_wconf 82' lang='lat' dir='ltr'>via,</span> <span class='ocrx_word' id='word_1_157' title='bbox 1315 1659 1360 1692; x_wconf 83' lang='lat' dir='ltr'>ut</span> <span class='ocrx_word' id='word_1_158' title='bbox 1373 1658 1568 1708; x_wconf 78' lang='lat' dir='ltr'>praeter-</span> 
     </span>
     <span class='ocr_line' id='line_1_19' title="bbox 57 1724 1565 1782; baseline -0.001 -15"><span class='ocrx_word' id='word_1_159' title='bbox 57 1724 287 1782; x_wconf 76' lang='lat' dir='ltr'>grediaris.</span> <span class='ocrx_word' id='word_1_160' title='bbox 362 1725 572 1770; x_wconf 86' lang='lat' dir='ltr'>Contulit</span> <span class='ocrx_word' id='word_1_161' title='bbox 605 1728 694 1771; x_wconf 89' lang='lat' dir='ltr'>iam</span> <span class='ocrx_word' id='word_1_162' title='bbox 733 1728 954 1772; x_wconf 85' lang='lat' dir='ltr'>Diaconus</span> <span class='ocrx_word' id='word_1_163' title='bbox 991 1728 1279 1771; x_wconf 86' lang='lat' dir='ltr'>Homericum</span> <span class='ocrx_word' id='word_1_164' title='bbox 1317 1725 1401 1771; x_wconf 87' lang='lat' dir='ltr'>Od.</span> <span class='ocrx_word' id='word_1_165' title='bbox 1434 1726 1482 1770; x_wconf 90' lang='grc' dir='ltr'>Β.</span> <span class='ocrx_word' id='word_1_166' title='bbox 1518 1729 1565 1768; x_wconf 89' lang='lat'>5:</span> 
     </span>
     <span class='ocr_line' id='line_1_20' title="bbox 61 1792 672 1860; baseline -0.002 -16"><span class='ocrx_word' id='word_1_167' title='bbox 61 1793 126 1856; x_wconf 75' lang='grc' dir='ltr'>βῆ</span> <span class='ocrx_word' id='word_1_168' title='bbox 159 1792 199 1844; x_wconf 78' lang='grc' dir='ltr'>δ’</span> <span class='ocrx_word' id='word_1_169' title='bbox 222 1792 325 1857; x_wconf 71' lang='grc' dir='ltr'><em>’ἔμεν</em></span> <span class='ocrx_word' id='word_1_170' title='bbox 356 1793 407 1844; x_wconf 74' lang='grc' dir='ltr'>ἐκ</span> <span class='ocrx_word' id='word_1_171' title='bbox 438 1794 672 1860; x_wconf 72' lang='grc' dir='ltr'><em>θαλάμοιο.</em></span> 
     </span>
    </p>

    <p class='ocr_par' dir='ltr' id='par_1_4' title="bbox 57 1870 1569 2463">
     <span class='ocr_line' id='line_1_21' title="bbox 127 1870 1567 1937; baseline 0.001 -18"><span class='ocrx_word' id='word_1_172' title='bbox 127 1873 330 1937; x_wconf 74' lang='grc' dir='ltr'><em>Τρηχῖνα</em></span> <span class='ocrx_word' id='word_1_173' title='bbox 363 1870 412 1922; x_wconf 80' lang='grc' dir='ltr'>δέ</span> <span class='ocrx_word' id='word_1_174' title='bbox 443 1891 510 1921; x_wconf 83' lang='grc' dir='ltr'><em>τοι</em></span> <span class='ocrx_word' id='word_1_175' title='bbox 546 1877 822 1937; x_wconf 82' lang='grc' dir='ltr'><em>παρελαύνω,</em></span> <span class='ocrx_word' id='word_1_176' title='bbox 853 1879 1140 1933; x_wconf 70' lang='grc' dir='ltr'>ιιῑἨεείοᾶί,</span> <span class='ocrx_word' id='word_1_177' title='bbox 1173 1879 1283 1922; x_wconf 86' lang='lat' dir='ltr'>citat</span> <span class='ocrx_word' id='word_1_178' title='bbox 1312 1892 1414 1920; x_wconf 90' lang='lat' dir='ltr'>cum</span> <span class='ocrx_word' id='word_1_179' title='bbox 1440 1876 1567 1935; x_wconf 85' lang='lat' dir='ltr'>prin-</span> 
     </span>
     <span class='ocr_line' id='line_1_22' title="bbox 60 1951 1569 2013; baseline 0.001 -20"><span class='ocrx_word' id='word_1_180' title='bbox 60 1951 180 2010; x_wconf 92' lang='lat' dir='ltr'>cipio</span> <span class='ocrx_word' id='word_1_181' title='bbox 210 1955 430 2010; x_wconf 83' lang='lat' dir='ltr'>sequentis</span> <span class='ocrx_word' id='word_1_182' title='bbox 461 1970 611 1998; x_wconf 85' lang='lat' dir='ltr'>versus</span> <span class='ocrx_word' id='word_1_183' title='bbox 641 1954 790 1999; x_wconf 86' lang='lat' dir='ltr'>schol.</span> <span class='ocrx_word' id='word_1_184' title='bbox 823 1953 1034 2013; x_wconf 89' lang='lat' dir='ltr'>Sophocl.</span> <span class='ocrx_word' id='word_1_185' title='bbox 1065 1955 1119 1998; x_wconf 92' lang='lat' dir='ltr'>ad</span> <span class='ocrx_word' id='word_1_186' title='bbox 1143 1954 1307 1997; x_wconf 86' lang='lat' dir='ltr'>Trach.</span> <span class='ocrx_word' id='word_1_187' title='bbox 1340 1955 1412 1996; x_wconf 81' lang='lat'>39.</span> <span class='ocrx_word' id='word_1_188' title='bbox 1456 1951 1569 1995; x_wconf 85' lang='lat' dir='ltr'>Her-</span> 
     </span>
     <span class='ocr_line' id='line_1_23' title="bbox 57 2027 1568 2090; baseline 0.001 -21"><span class='ocrx_word' id='word_1_189' title='bbox 57 2027 180 2070; x_wconf 78' lang='lat' dir='ltr'>cules</span> <span class='ocrx_word' id='word_1_190' title='bbox 209 2043 312 2071; x_wconf 88' lang='lat' dir='ltr'>cum</span> <span class='ocrx_word' id='word_1_191' title='bbox 344 2029 393 2072; x_wconf 90' lang='lat' dir='ltr'>in</span> <span class='ocrx_word' id='word_1_192' title='bbox 423 2045 556 2073; x_wconf 86' lang='lat' dir='ltr'>coena</span> <span class='ocrx_word' id='word_1_193' title='bbox 584 2031 701 2088; x_wconf 90' lang='lat' dir='ltr'>apud</span> <span class='ocrx_word' id='word_1_194' title='bbox 729 2030 954 2087; x_wconf 87' lang='lat' dir='ltr'>Oeneum,</span> <span class='ocrx_word' id='word_1_195' title='bbox 981 2030 1224 2090; x_wconf 88' lang='lat' dir='ltr'>Calydonis</span> <span class='ocrx_word' id='word_1_196' title='bbox 1253 2044 1423 2088; x_wconf 82' lang='lat' dir='ltr'>regem,</span> <span class='ocrx_word' id='word_1_197' title='bbox 1455 2028 1568 2071; x_wconf 87' lang='lat' dir='ltr'>citra</span> 
     </span>
     <span class='ocr_line' id='line_1_24' title="bbox 62 2104 1568 2162; baseline 0 -17"><span class='ocrx_word' id='word_1_198' title='bbox 62 2104 344 2146; x_wconf 85' lang='lat' dir='ltr'>voluntatem</span> <span class='ocrx_word' id='word_1_199' title='bbox 376 2119 570 2162; x_wconf 90' lang='lat' dir='ltr'>puerum</span> <span class='ocrx_word' id='word_1_200' title='bbox 597 2107 845 2159; x_wconf 86' lang='lat' dir='ltr'>occidisset,</span> <span class='ocrx_word' id='word_1_201' title='bbox 879 2108 974 2150; x_wconf 89' lang='lat' dir='ltr'>eius</span> <span class='ocrx_word' id='word_1_202' title='bbox 993 2107 1134 2150; x_wconf 86' lang='lat' dir='ltr'>caedis</span> <span class='ocrx_word' id='word_1_203' title='bbox 1155 2121 1280 2149; x_wconf 85' lang='lat' dir='ltr'>causa</span> <span class='ocrx_word' id='word_1_204' title='bbox 1301 2120 1404 2148; x_wconf 90' lang='lat' dir='ltr'>cum</span> <span class='ocrx_word' id='word_1_205' title='bbox 1427 2118 1568 2148; x_wconf 84' lang='lat' dir='ltr'>uxore</span> 
     </span>
     <span class='ocr_line' id='line_1_25' title="bbox 61 2177 1564 2240; baseline 0.001 -20"><span class='ocrx_word' id='word_1_206' title='bbox 61 2193 110 2220; x_wconf 87' lang='lat' dir='ltr'>ac</span> <span class='ocrx_word' id='word_1_207' title='bbox 140 2177 294 2222; x_wconf 85' lang='lat' dir='ltr'>liberis</span> <span class='ocrx_word' id='word_1_208' title='bbox 325 2181 579 2223; x_wconf 79' lang='lat' dir='ltr'>exsulatum</span> <span class='ocrx_word' id='word_1_209' title='bbox 612 2180 756 2224; x_wconf 87' lang='lat' dir='ltr'>iverat</span> <span class='ocrx_word' id='word_1_210' title='bbox 787 2182 1057 2225; x_wconf 89' lang='lat' dir='ltr'>Trachinem</span> <span class='ocrx_word' id='word_1_211' title='bbox 1089 2183 1144 2224; x_wconf 92' lang='lat' dir='ltr'>ad</span> <span class='ocrx_word' id='word_1_212' title='bbox 1175 2196 1321 2240; x_wconf 88' lang='lat' dir='ltr'>regem</span> <span class='ocrx_word' id='word_1_213' title='bbox 1355 2179 1564 2238; x_wconf 88' lang='lat' dir='ltr'>Ceycem;</span> 
     </span>
     <span class='ocr_line' id='line_1_26' title="bbox 62 2253 1568 2316; baseline 0.001 -21"><span class='ocrx_word' id='word_1_214' title='bbox 62 2253 166 2296; x_wconf 83' lang='lat' dir='ltr'>inde</span> <span class='ocrx_word' id='word_1_215' title='bbox 207 2269 311 2298; x_wconf 89' lang='lat' dir='ltr'>vero</span> <span class='ocrx_word' id='word_1_216' title='bbox 350 2256 572 2314; x_wconf 85' lang='lat' dir='ltr'>plurimas</span> <span class='ocrx_word' id='word_1_217' title='bbox 609 2268 854 2316; x_wconf 87' lang='lat' dir='ltr'>susceperat</span> <span class='ocrx_word' id='word_1_218' title='bbox 895 2259 1221 2316; x_wconf 84' lang='lat' dir='ltr'>expeditiones,</span> <span class='ocrx_word' id='word_1_219' title='bbox 1266 2258 1339 2300; x_wconf 90' lang='lat' dir='ltr'>sed</span> <span class='ocrx_word' id='word_1_220' title='bbox 1377 2256 1568 2314; x_wconf 88' lang='lat' dir='ltr'>peractis</span> 
     </span>
     <span class='ocr_line' id='line_1_27' title="bbox 62 2329 1565 2391; baseline 0.002 -21"><span class='ocrx_word' id='word_1_221' title='bbox 62 2329 117 2370; x_wconf 87' lang='lat' dir='ltr'>iis</span> <span class='ocrx_word' id='word_1_222' title='bbox 148 2329 240 2372; x_wconf 88' lang='lat' dir='ltr'>iam</span> <span class='ocrx_word' id='word_1_223' title='bbox 271 2330 542 2374; x_wconf 87' lang='lat' dir='ltr'>Trachinem</span> <span class='ocrx_word' id='word_1_224' title='bbox 573 2332 719 2374; x_wconf 84' lang='lat' dir='ltr'>denuo</span> <span class='ocrx_word' id='word_1_225' title='bbox 750 2332 938 2391; x_wconf 83' lang='lat' dir='ltr'>petebat.</span> <span class='ocrx_word' id='word_1_226' title='bbox 1002 2333 1106 2377; x_wconf 87' lang='lat' dir='ltr'>Vid.</span> <span class='ocrx_word' id='word_1_227' title='bbox 1139 2331 1452 2390; x_wconf 87' lang='lat' dir='ltr'>Apollod.111.</span> <span class='ocrx_word' id='word_1_228' title='bbox 1483 2344 1565 2374; x_wconf 84' lang='lat' dir='ltr'>vn.</span> 
     </span>
     <span class='ocr_line' id='line_1_28' title="bbox 61 2403 1345 2463; baseline 0.002 -16"><span class='ocrx_word' id='word_1_229' title='bbox 61 2404 108 2455; x_wconf 88' lang='grc'>6,</span> <span class='ocrx_word' id='word_1_230' title='bbox 143 2406 193 2458; x_wconf 75' lang='lat'>73</span> <span class='ocrx_word' id='word_1_231' title='bbox 239 2403 445 2463; x_wconf 89' lang='lat' dir='ltr'>Sophocl.</span> <span class='ocrx_word' id='word_1_232' title='bbox 479 2406 640 2450; x_wconf 87' lang='lat' dir='ltr'>Trach.</span> <span class='ocrx_word' id='word_1_233' title='bbox 675 2408 706 2451; x_wconf 87' lang='lat' dir='ltr'>l.</span> <span class='ocrx_word' id='word_1_234' title='bbox 736 2423 798 2461; x_wconf 81' lang='lat' dir='ltr'>c.3</span> <span class='ocrx_word' id='word_1_235' title='bbox 834 2408 1016 2451; x_wconf 84' lang='lat' dir='ltr'>Pausan.</span> <span class='ocrx_word' id='word_1_236' title='bbox 1047 2408 1082 2450; x_wconf 86' lang='grc' dir='ltr'>Ι.</span> <span class='ocrx_word' id='word_1_237' title='bbox 1115 2420 1270 2451; x_wconf 83' lang='lat' dir='ltr'>xxxn.</span> <span class='ocrx_word' id='word_1_238' title='bbox 1303 2408 1345 2450; x_wconf 88' lang='grc'>6.</span> 
     </span>
    </p>
   </div>
   <div class='ocr_carea' id='block_1_4' title="bbox 61 2551 1566 2767">
    <p class='ocr_par' dir='ltr' id='par_1_5' title="bbox 61 2551 1566 2767">
     <span class='ocr_line' id='line_1_29' title="bbox 122 2551 1564 2617; baseline 0.002 -19"><span class='ocrx_word' id='word_1_239' title='bbox 122 2570 166 2600; x_wconf 84' lang='grc' dir='ltr'>ν.</span> <span class='ocrx_word' id='word_1_240' title='bbox 188 2558 289 2600; x_wconf 85' lang='grc'><strong>355.</strong></span> <span class='ocrx_word' id='word_1_241' title='bbox 332 2555 550 2615; x_wconf 80' lang='grc' dir='ltr'><em>Τρηχῖνος</em></span> <span class='ocrx_word' id='word_1_242' title='bbox 591 2551 873 2617; x_wconf 78' lang='grc' dir='ltr'><em>προβέβηκε]</em></span> <span class='ocrx_word' id='word_1_243' title='bbox 936 2560 966 2602; x_wconf 88' lang='lat' dir='ltr'>i.</span> <span class='ocrx_word' id='word_1_244' title='bbox 1021 2575 1058 2603; x_wconf 90' lang='lat' dir='ltr'>e.</span> <span class='ocrx_word' id='word_1_245' title='bbox 1113 2559 1329 2602; x_wconf 85' lang='lat' dir='ltr'>Trachini</span> <span class='ocrx_word' id='word_1_246' title='bbox 1374 2567 1564 2617; x_wconf 86' lang='lat' dir='ltr'>praeest,</span> 
     </span>
     <span class='ocr_line' id='line_1_30' title="bbox 61 2631 1566 2693; baseline 0.003 -19"><span class='ocrx_word' id='word_1_247' title='bbox 61 2631 331 2675; x_wconf 83' lang='lat' dir='ltr'>Trachinem</span> <span class='ocrx_word' id='word_1_248' title='bbox 362 2640 529 2677; x_wconf 87' lang='lat' dir='ltr'>tuetur.</span> <span class='ocrx_word' id='word_1_249' title='bbox 595 2632 666 2677; x_wconf 91' lang='lat' dir='ltr'>Sic</span> <span class='ocrx_word' id='word_1_250' title='bbox 697 2635 811 2693; x_wconf 85' lang='lat' dir='ltr'>apud</span> <span class='ocrx_word' id='word_1_251' title='bbox 844 2635 974 2679; x_wconf 89' lang='lat' dir='ltr'>Hom.</span> <span class='ocrx_word' id='word_1_252' title='bbox 1010 2635 1063 2680; x_wconf 91' lang='lat' dir='ltr'>Il.</span> <span class='ocrx_word' id='word_1_253' title='bbox 1096 2635 1148 2678; x_wconf 88' lang='lat' dir='ltr'>A.</span> <span class='ocrx_word' id='word_1_254' title='bbox 1184 2637 1235 2678; x_wconf 88' lang='lat'>37</span> <span class='ocrx_word' id='word_1_255' title='bbox 1270 2635 1434 2693; x_wconf 89' lang='lat' dir='ltr'>Apollo</span> <span class='ocrx_word' id='word_1_256' title='bbox 1454 2635 1566 2678; x_wconf 90' lang='lat' dir='ltr'>dici-</span> 
     </span>
     <span class='ocr_line' id='line_1_31' title="bbox 62 2699 728 2767; baseline 0.006 -19"><span class='ocrx_word' id='word_1_257' title='bbox 62 2714 136 2749; x_wconf 84' lang='lat' dir='ltr'>tur</span> <span class='ocrx_word' id='word_1_258' title='bbox 167 2699 456 2764; x_wconf 75' lang='grc' dir='ltr'><em>ἀμφιβαίνειν</em></span> <span class='ocrx_word' id='word_1_259' title='bbox 485 2706 663 2767; x_wconf 80' lang='grc' dir='ltr'><em>Χρύσην.</em></span> <span class='ocrx_word' id='word_1_260' title='bbox 724 2759 728 2765; x_wconf 44' lang='lat'>‚</span> 
     </span>
    </p>
   </div>
  </div>
 </body>
</html>
