1748 3224
261 239 327 289 84
858 258 1180 288 connsuumvs

268 408 270 411 .
326 387 368 416 v.
394 375 494 417 301.
537 363 632 430 οἵγε
658 368 739 427 μὲν
770 363 1007 431 ἐτράπεον]
1069 373 1195 416 Teste
1222 373 1377 431 Etym.
1400 375 1606 418 Gudiauo
1627 389 1674 432 p.
1698 375 1748 418 69

268 450 346 500 43,
379 455 613 511 notaverat
643 448 979 506 Epaphroditus
1006 443 1057 492 in
1094 440 1359 505 Ύπομνῆσει
1392 448 1522 506 (corr.
1552 441 1748 505 Ὑπομνῆ

264 516 399 580 ματ-ι)
437 515 655 571 'Ao-wido«,-
686 515 915 578 Ἡσιόδου,
956 520 1135 582 τραπεῖν
1175 539 1262 567 esse
1302 518 1410 568 ωὑτὸ
1461 518 1512 566 τὸ
1555 521 1748 578 πατῆσαι

266 599 383 642 unde
413 593 495 656 πρὸ
528 598 606 644 τοῦ
630 591 872 653 πατηθῆναι
890 594 1113 659 γινόμενον
1135 593 1425 659 ἄπὸσταγμοι
1446 595 1522 652 τῆς
1540 597 1748 658 σταφυλῆ

266 666 581 732 ἀπότροπας
621 665 762 723 οἶνος
795 676 1034 719 diceretur.
1097 671 1311 734 Τραπέειν
1340 676 1577 734 proprium
1615 676 1663 719 in
1693 677 1748 719 ha

265 764 313 793 re
344 749 533 794 verbum
564 751 800 809 usurpavit
828 751 921 795 iam
952 751 1086 797 Hom.
1118 750 1204 796 od.
1237 752 1292 797 H.
1328 754 1428 796 125.

331 819 401 868 το)
435 817 473 868 δ’
508 817 654 884 ἤρυον]
686 825 794 871 Scil.
815 834 1017 870 mustum
1039 842 1062 870 e
1081 828 1195 871 lacu.
1229 826 1425 886 Cognata
1445 834 1551 870 sunt
1582 818 1696 884 ἆρῦω
1734 841 1748 869 ε

266 901 362 944 Lat.
394 900 559 943 haurio.

326 1069 397 1097 vv.
432 1054 685 1098 301-304,
740 1053 987 1098 Commode
1012 1053 1236 1097 mentioni
1268 1053 1518 1097 vindemiae
1542 1051 1748 1095 subiicitu

265 1129 436 1172 mentio
467 1137 568 1171 tum
598 1129 825 1188 pugilatus
857 1136 902 1171 et
931 1129 1101 1180 luctae,
1147 1129 1220 1171 cui
1258 1129 1472 1172 ludorum
1505 1127 1656 1186 generi
1686 1126 1748 1185 ips

267 1204 519 1248 vindemiae
546 1203 727 1248 lascivia
755 1204 1029 1247 occasionem
1055 1203 1160 1246 dare
1183 1203 1354 1262 potuit,
1388 1211 1487 1246 tum
1511 1211 1556 1246 et
1581 1203 1748 1247 venati<

265 1278 337 1322 nis
359 1281 567 1337 leporum
595 1279 643 1321 in
674 1279 824 1337 ipsum
857 1279 1109 1322 vindemiae
1139 1287 1316 1337 tempus
1346 1279 1597 1322 incidentis.
1660 1278 1748 1323 Citz

266 1355 421 1414 Etym.
435 1354 496 1398 Μ.
509 1370 552 1412 p.
569 1356 670 1405 695,
692 1357 762 1406 57,
782 1362 834 1397 ut
859 1354 1058 1398 Hesiodi:
1093 1345 1176 1397 οἷον
1197 1346 1235 1398 δ’
1256 1345 1493 1414 ἐμάχοντο
1513 1350 1613 1409 Πύξ
1633 1366 1684 1397 τε
1704 1368 1748 1397 κε

265 1421 461 1483 ἑλκηδῆν,
504 1431 664 1474 vitiose
703 1431 751 1473 in
783 1431 936 1489 primo
967 1438 1012 1473 et
1042 1438 1268 1488 postremo
1307 1429 1456 1474 verbo.
1520 1432 1599 1475 Est
1628 1437 1748 1473 auter

267 1496 407 1550 ’ἕλκειν
450 1505 690 1565 proprium
730 1506 779 1549 in
819 1506 939 1548 lucta
972 1505 1184 1555 verbum,
1213 1505 1330 1563 quod
1362 1506 1638 1548 luctantium
1666 1506 1748 1548 alte

266 1583 462 1626 alterum
478 1581 672 1625 attrahit
691 1589 736 1624 et
752 1589 1035 1640 prosternere
1055 1589 1259 1625 conatur.
1292 1579 1460 1624 Home1
1463 1597 1512 1624 us
1532 1581 1659 1625 1151&
1692 1583 1745 1624 ’71

268 1671 407 1715 seqq..
450 1648 655 1715 Τετρίγει
695 1647 732 1700 δ’
765 1649 854 1714 ἄρα
889 1649 1007 1700 νῶτα
1041 1648 1274 1713 θρασειάων
1307 1648 1399 1701 ἀπὸ
1435 1645 1596 1717 χειρῶν
1628 1651 1748 1699 Ελκι

268 1744 381 1790 μενοι
409 1729 606 1792 στερεῶς.
647 1733 777 1778 Vnde
804 1741 951 1776 sumta
979 1732 1034 1776 ab
1065 1733 1184 1776 lucta
1219 1732 1481 1791 metaphora
1511 1733 1690 1777 Pindal.
1721 1732 1748 1777 h·

271 1809 349 1853 lv.
398 1810 484 1853 154
518 1823 629 1867 seq.:
686 1801 975 1855 ἀπάλαιστος
1002 1799 1046 1852 ἓν
1077 1801 1201 1867 λόγῳ
1236 1799 1380 1863 ἕλκει,
1411 1807 1490 1850 ubi
1517 1808 1609 1852 vid.
1631 1808 1748 1868 Hey1

269 1885 396 1929 Adde
424 1885 615 1929 citatum
638 1900 663 1928 a
678 1883 959 1943 Goettlingio
981 1884 1198 1929 Nonnum
1215 1883 1402 1942 Dionys.
1425 1883 1652 1931 XXXVII.
1676 1885 1748 1930 56(

272 1959 355 2005 Sed
395 1961 445 2004 in
483 1977 566 2004 usu
605 1975 781 2020 quoque
813 1959 905 2004 fuit
935 1954 1095 2015 ἑλκέω,
1128 1961 1246 2004 unde
1285 1960 1357 2003 hic
1388 1951 1578 2012 ελκηδὸν.
1620 1960 1748 2043 ι10011

270 2037 382 2081 item
411 2037 558 2096 Heyn.
593 2036 648 2080 ad
676 2036 731 2081 11.
762 2037 810 2080 Z.
847 2036 946 2082 465.

334 2204 378 2232 v.
404 2191 506 2234 302.
565 2181 794 2237 ὠκύποδας
838 2183 981 2248 λαγὸς
1023 2183 1158 2248 ᾕρευν]
1250 2189 1478 2232 Notandus
1522 2189 1596 2232 hic
1639 2203 1748 2231 accus

272 2265 462 2310 Doricus
491 2261 633 2325 λοιγὸς
664 2281 746 2326 pro
778 2263 969 2325 λαγοῦς,
1003 2273 1053 2309 ut
1079 2273 1142 2309 est
1167 2265 1285 2323 apud
1309 2265 1495 2308 Theocr.
1525 2265 1590 2308 Id.
1622 2264 1700 2309 IV.
1727 2266 1746 2307 1

273 2334 358 2389 τὼς
391 2335 535 2389 λυκός.

339 2409 460 2476 ᾕρευν
507 2418 743 2476 proprium
785 2418 833 2461 in
872 2417 953 2460 hac
997 2431 1044 2459 re
1085 2416 1287 2461 verbum.
1361 2409 1450 2458 Τὸν
1488 2409 1620 2474 λαγὼ
1658 2427 1748 2457 κατ

273 2484 410 2540 πόδας
445 2489 572 2551 alpez'v
607 2494 661 2537 de
698 2493 851 2537 eodem
891 2491 1140 2536 venationis
1181 2507 1338 2551 genere
1371 2491 1494 2535 dixit
1529 2491 1748 2550 Xenopho

275 2568 445 2628 Cyrop.
490 2569 525 2614 1.
556 2582 622 2614 vi.
666 2570 742 2621 40,
786 2577 836 2612 ut
883 2561 986 2615 τοὺς
1030 2563 1255 2625 αἱροῦντας
1301 2574 1529 2611 venatores
1571 2566 1691 2610 idem
1727 2566 1748 2611 d

275 2644 531 2697 ven.xl.3‚
552 2652 700 2703 estque
719 2640 844 2702 αἱρεῖν
877 2644 1064 2687 uenando
1097 2659 1248 2702 capere
1280 2644 1416 2687 etium
1449 2643 1563 2701 apud
1592 2642 1748 2686 Luciam

275 2719 326 2762 Ι).
360 2721 410 2763 D.
443 2720 563 2764 XIX.
596 2725 637 2765 2.
