1748 3224
549 264 588 293 m
622 263 788 295 1113510111
821 265 997 297 scv'rvu.
1466 249 1525 300 81

21 384 65 420 et
90 374 261 420 Scholl.
290 375 499 433 paraphr.
543 376 797 435 Significari
827 379 873 422 id
905 386 1078 422 certum
1112 385 1188 422 est.
1236 377 1360 421 Alibi
1379 386 1528 424 tamen

22 450 142 494 haud
173 448 304 492 facile
336 451 532 494 notionis
562 451 656 494 eius
677 453 905 497 vocabulo·
924 447 1078 513 αἰχμὴ
1107 453 1303 497 tributae
1323 457 1529 514 exempla

0 525 233 586 „invenies

0 599 1 603 ’
84 594 367 658 κορωνιόωντα
396 597 588 659 πέτηλα]
653 602 878 646 Dicuntur
916 605 989 647 hic
1030 603 1205 657 πέτηλα
1252 605 1398 657 culmi,
1454 605 1534 649 rai-

19 676 140 720 riore
171 692 252 719 usu
284 676 516 729 vocabuli,
548 677 602 720 de
632 692 722 734 quo
754 679 845 722 vid.
879 678 1040 724 GraeV.
1076 680 1130 723 ad
1161 680 1209 724 h.
1233 682 1265 725 l.
1297 688 1340 723 et
1371 681 1533 724 Ruhn-

19 752 121 796 ken.
163 753 218 796 ad
256 752 386 796 Hom.
427 752 481 796 H.
523 753 573 796 in
617 752 716 797 Cer.
759 755 837 798 451
882 769 970 812 seq.
1034 756 1284 813 Epitheton
1325 755 1531 799 additum

17 827 238 886 gravitate
289 827 498 871 incurvos
538 825 672 870 fuisse
710 828 947 886 significat.
1021 829 1220 872 Tzetzes:
1264 823 1534 889 ἐπικαμπεῖς

19 895 255 963 στάχυας.
316 901 389 946 Sic
429 903 547 961 apud
586 903 719 947 Dion.
760 903 924 962 Chrys.
968 903 1047 948 Or.
1082 905 1327 952 LXXVIII.
1368 924 1412 967 p.
1447 910 1533 954 659

20 987 65 1025 et
83 978 354 1037 Philippum
377 978 516 1022 Anth.
533 978 626 1022 Pal.
648 979 726 1022 IX.
750 980 833 1036 Ep.
858 981 942 1023 777
977 973 1181 1038 κορωνιῶν
1209 982 1379 1026 dicitur
1397 999 1535 1042 equus

21 1055 141 1098 collo
162 1054 354 1098 incurvo
375 1054 582 1112 gestiens,
612 1046 827 1112 γαυριῶν,
858 1062 911 1097 ut
940 1057 1172 1114 explicant
1203 1055 1360 1100 Suidas
1386 1066 1429 1102 et
1450 1058 1536 1102 He-

0 1129 145 1192 ksych.
188 1129 236 1172 in
270 1145 337 1183 v.‚
371 1137 415 1172 et
445 1129 659 1173 similiter
690 1123 858 1187 κορωνὶς
893 1131 1020 1173 navis
1052 1147 1230 1189 proram
1266 1133 1433 1176 habens
1464 1133 1535 1176 in-

0 1221 221 1262 immam.
283 1206 388 1251 Vid.
419 1205 567 1264 Heyn.
597 1206 646 1248 ad
683 1206 738 1249 Il.
772 1207 820 1250 B.
856 1208 956 1250 392.

80 1372 123 1400 V.
148 1357 250 1401 290.
289 1348 524 1414 βριθόμενοι
562 1349 806 1415 σταχύων]
877 1357 993 1401 Vult
1038 1359 1338 1403 Ruhnkenius
1384 1359 1436 1402 ad
1478 1358 1534 1401 H.

19 1431 153 1483 Hom.
185 1432 235 1474 in
259 1431 358 1476 Cer.
386 1447 425 1475 v.
455 1434 563 1487 455,
594 1432 674 1488 qui
706 1432 828 1474 locus
851 1440 912 1474 est
942 1432 1048 1476 huic
1070 1443 1222 1477 nostro
1250 1435 1533 1487 simillimus,

19 1508 271 1566 genitivum
311 1508 504 1566 pendere
545 1507 601 1550 ab
641 1507 938 1566 intelligendo
979 1502 1078 1551 ὑπό.
1152 1510 1341 1554 Veriora
1381 1511 1535 1554 docuit

19 1583 286 1642 Bernhardy
327 1583 607 1642 (Wissensch.
639 1575 810 1637 Syntkzx
850 1583 928 1626 der
960 1583 1035 1628 Gr.
1077 1585 1287 1642 Sprache‚
1321 1601 1363 1644 p.
1401 1587 1533 1644 168),

19 1658 252 1703 conferens
293 1674 397 1702 cum
428 1651 644 1716 ἀρέσαντο
677 1649 871 1714 αἵματος
900 1667 945 1703 et
975 1659 1077 1703 aliis
1100 1659 1325 1719 implendi
1349 1662 1534 1706 notione

21 1735 184 1779 verbis.

20 1923 29 1929 ,
81 1902 124 1932 v.
150 1887 258 1938 291,
298 1895 350 1930 ut
386 1886 564 1931 Hesiodi
603 1880 646 1930 ἐν
673 1879 880 1939 Ἀσπίδι,
913 1888 1024 1930 citat
1053 1888 1209 1946 Etym.
1242 1905 1285 1948 p.
1317 1890 1430 1942 366,
1459 1891 1530 1933 43.

15 1991 24 2013 ‚
86 1953 128 2005 ἓν
161 1953 431 2005 ἐλλεδανοῖσι
465 1954 588 2022 δέον]
651 1963 876 2007 Dicuntur
914 1953 1140 2006 ἓλλεδκνοὶ
1178 1963 1382 2017 vincula,
1423 1965 1532 2023 qui-

20 2037 102 2081 bus
132 2038 356 2095 spicarum
387 2037 614 2096 manipuli
644 2038 860 2095 ligantur.
903 2037 1008 2082 vid.
1031 2037 1177 2096 Heyn.
1200 2039 1254 2082 ad
1275 2040 1331 2084 ΙΙ.
1353 2041 1403 2083 Σ.
1430 2044 1529 2085 553.

22 2113 100 2158 Est
130 2120 278 2156 autem
311 2104 539 2160 ἓλλεδανδς
577 2113 631 2156 ab
669 2107 777 2167 ἕλω,
813 2106 949 2166 ww,
991 2120 1039 2155 ut
1081 2128 1106 2156 a
1145 2106 1252 2172 p‘i'yw
1283 2107 1527 2174 ῥιγεδανὸς,

22 2203 45 2233 ι
75 2186 214 2241 πεύκη
244 2180 516 2236 πευκεδανὸς.

14 2296 26 2310 .
85 2260 271 2308 &mmm
298 2257 462 2324 ἀλωήν]
525 2266 601 2309 Est
634 2258 817 2307 ἕπιπλον
847 2280 869 2307 a
902 2259 1077 2317 πὶπλω,
1108 2266 1224 2322 quod
1256 2282 1347 2309 non
1376 2267 1528 2310 minus

21 2341 70 2386 in
102 2357 185 2384 usu
215 2340 350 2384 fuisse
383 2349 547 2400 potest,
584 2356 719 2399 quam
753 2332 992 2399 (πὶπλημι)
1011 2330 1262 2396 πίμπλημι.
1315 2341 1387 2385 Sic
1417 2335 1526 2387 οἰνα-

20 2417 204 2475 πληροῦν
225 2408 375 2460 ἀλωὰν
405 2417 528 2460 dixit
559 2418 747 2460 Theocr.
781 2417 845 2460 Id.
879 2414 981 2461 VII.
1014 2418 1086 2460 34.

14 2590 34 2619 ι.
79 2584 123 2615 v.
143 2570 392 2614 292-301.
434 2568 690 2615 Vindemia.
751 2568 919 2611 Locum
958 2567 1120 2610 misere
1152 2567 1311 2611 alienis
1350 2568 1528 2612 laciniis

8 2641 246 2700 ,ffloedatum
283 2645 395 2689 dicit
425 2644 629 2703 Heynius
659 2644 712 2687 ad
746 2644 801 2687 Il.
833 2643 884 2686 Σ.
925 2645 1026 2688 563.
1067 2664 1079 2694 χ
1095 2643 1257 2686 Trium
1289 2645 1525 2702 poetarum

22 2728 200 2779 operam
237 2721 286 2764 in
316 2721 388 2764 his
416 2720 614 2763 versibus
636 2719 1132 2779 agnoscit‚Dindorfivus'‚
1166 2733 1390 2777 »quorum
1412 2736 1527 2764 unus

17 2796 287 2846 ,ποῖ-ευὶ292
333 2796 599 2840 adiunxerat
644 2812 714 2840 vv.
762 2797 868 2848 293,
913 2796 1023 2860 294,
1065 2796 1173 2849 2953
1218 2796 1333 2839 alter
1371 2812 1525 2840 eorum
