1748 3224
226 218 306 252 XX
827 221 1134 257 PRAEFATIO.

225 337 422 387 eosdem
462 339 514 387 in
549 338 799 405 frequenti
834 340 1137 391 dissensione
1173 359 1446 410 numquam
1482 349 1571 394 aut
1605 344 1725 394 taci-

212 424 306 479 tus
344 431 707 495 praetermisit,
760 438 849 482 aut
894 433 947 483 in
995 433 1302 501 obloquendo
1345 436 1726 503 reprehensione

159 509 162 511 ’
222 523 509 590 castigavit:
545 523 941 589 amplectebatur
971 527 1108 576 enim
1134 527 1187 576 in
1222 528 1406 578 Literis
1430 530 1728 580 sententiam

222 615 400 679 Tullii,
462 620 765 666 vetustatem
821 635 909 667 suo
980 619 1088 669 loco
1149 618 1531 670 conservandam
1590 640 1695 672 esse
1714 660 1727 686 ‚

221 692 609 774 opinionumque
646 715 924 759 commenta
959 710 1125 761 delere
1161 712 1309 761 diem.

289 799 448 866 Saepe
474 818 668 850 mecum
699 800 984 868 Lennepius
1021 803 1101 853 vel
1130 822 1293 854 coram
1325 805 1404 854 vel
1440 824 1531 871 per
1554 805 1726 856 literas

218 893 280 943 de
313 893 535 944 Hesiodo
563 892 880 960 disceptavit,
907 913 1098 963 egoque
1130 896 1190 946 de
1217 897 1470 947 nonnullis
1501 898 1554 947 in
1577 898 1726 948 huius

221 987 371 1038 Scuto
412 988 709 1038 contrariam
753 989 1009 1056 Lennepio
1054 991 1355 1040 sententiam
1391 990 1595 1056 tuebar3
1641 992 1727 1042 sed

218 1081 374 1131 nihilo
397 1082 562 1131 minus
592 1082 783 1131 affirmo
818 1101 916 1132 non
943 1083 1199 1149 poenitere
1217 1101 1321 1148 me,
1350 1084 1392 1133 si
1418 1083 1540 1151 quid
1567 1083 1728 1134 valuit

218 1173 498 1224 adhortatio
540 1192 652 1224 mea
699 1174 834 1240 apud
877 1175 1039 1226 virum
1092 1176 1192 1226 mei
1227 1176 1628 1227 amantissimum
1669 1183 1727 1227 ut

219 1267 431 1317 Hesiodi
478 1266 746 1318 editionem
788 1267 1056 1335 aliquando
1103 1268 1166 1319 ad
1211 1269 1363 1320 finem
1404 1269 1722 1336 perduceret:

216 1361 401 1411 etenim
431 1360 534 1411 fore
565 1360 827 1427 sperabam
866 1366 924 1410 ut
956 1361 1086 1411 senis
1110 1361 1395 1429 gravissimi
1424 1379 1478 1412 ac
1506 1361 1723 1428 pruden-

215 1454 397 1504 tissimi
437 1472 530 1504 vox
565 1455 617 1503 in
652 1460 795 1504 tanta
819 1454 1134 1521 opinantium
1159 1456 1469 1506 contentione
1494 1455 1725 1507 lubenter

215 1546 488 1597 audiretur.

281 1639 391 1689 Hoc
433 1646 601 1689 autem
636 1639 869 1690 volumen
906 1640 950 1689 I.
990 1640 1051 1690 G.
1090 1640 1394 1705 Hulleman,
1430 1642 1504 1691 vir
1545 1642 1724 1708 perdo-

213 1738 321 1783 ctus
354 1740 405 1783 et
434 1751 632 1784 mecum
656 1734 1040 1784 existimationis
1069 1734 1416 1801 Lennepianae
1443 1735 1720 1803 studiosus,

213 1826 385 1877 eadem
420 1827 684 1895 diligentia
718 1828 854 1895 typis
889 1827 1265 1879 describendum
1295 1829 1511 1894 curavit,
1545 1848 1645 1897 qua
1669 1831 1722 1880 in

212 1920 315 1970 suis
351 1920 510 1986 ipsius
547 1921 747 1987 scriptis
782 1921 1120 1988 pel-poliendis
1156 1923 1232 1972 uti
1269 1922 1409 1972 solet.

266 2056 399 2105 Sm'pai
429 2055 825 2106 [asydum-Batavorum
838 2085 846 2099 ,

240 2125 366 2164 Mense
412 2126 617 2178 Septembri
666 2137 876 2165 nnccctw.
1358 2107 1391 2141 Ῑ·
1430 2107 1584 2142 GEEL·
