1748 3224
245 199 311 247 42
831 213 1152 246 conunnxnvs
1189 220 1192 221 ⁷
1211 243 1218 250 ,

247 342 463 394 »pentum
490 332 732 389 imaginem
758 339 959 374 accurate
981 331 1272 388 descriptam,
1300 320 1619 388 ut'imaginem
1645 338 1662 372 t
1731 312 1741 332 Λ

246 409 472 453 »similem
502 413 629 449 antea
648 405 842 463 potuisse
864 401 978 464 fingi
994 406 1076 449 vix
1097 403 1342 448 verisimile
1363 405 1578 450 videatur.
1618 407 1688 448 Tu

247 499 379 528 »vero
402 483 457 525 de
475 480 751 539 serpentibus
773 488 876 538 apte
897 480 987 523 dici
1007 489 1098 523 no'n
1118 486 1316 538 possunt,
1337 494 1448 537 quae
1467 480 1520 523 de
1533 481 1748 524 dentibua

247 563 320 601 »et
344 557 494 601 fronte
521 557 679 600 v.146
706 564 752 599 et
782 558 863 599 147
893 565 1173 600 enarrantur.
1178 557 1204 580 ”
1269 555 1338 598 Ad
1379 562 1598 612 postrema
1634 556 1748 602 haee}

245 634 436 676 obiicere
462 631 594 675 mihi
605 632 756 684 liceat,
781 631 1131 675 similitudinem
1158 631 1430 688 imaginum,
1453 645 1595 687 quam.
1614 617 1748 691 notat}¹

246 707 469 763 Raukius,
501 722 596 758 non
620 707 682 750 ita
709 721 944 765 apparere,
975 706 1012 748 si
1031 707 1371 764 distinguantur
1404 706 1451 748 h.
1486 707 1519 750 l.
1550 697 1748 764 δράκωνᾶξ

244 783 388 842 qualis
421 782 595 826 Latinis
616 783 758 825 etiam
790 782 918 824 draco
949 781 1112 833 dictus,
1149 789 1192 824 et
1221 779 1341 823 infra
1376 796 1418 825 v.
1451 782 1529 824 161
1567 796 1748 827 memo-‹-

245 858 334 902 rati
362 852 512 914 ὄφιες,
527 866 755 916 serpentes.
788 858 841 900 In
854 871 1018 915 magno
1037 857 1240 899 draconis
1258 858 1402 915 capite
1418 857 1568 900 locum
1592 857 1742 901 omui-4

246 950 306 977 no
360 933 520 976 habuit
565 929 796 989 μέτωπον3
825 940 1015 990 suntque
1040 932 1094 975 de
1117 933 1306 974 dracone
1326 931 1374 975 h.
1390 931 1424 975 l.
1447 931 1566 974 dicta
1587 947 1630 975 v.
1656 932 1748 975 145

245 1025 332 1069 seq.
361 1017 455 1052 tam
476 1008 646 1052 similia
670 1008 764 1063 his,
791 1023 902 1066 quae
924 1007 1044 1066 apud
1061 1006 1196 1051 ovid.
1210 1007 1394 1051 Metam.
1411 1006 1489 1051 111.
1511 1023 1553 1052 v.
1569 1009 1629 1050 33
1654 1022 1748 1064 αηι

246 1088 477 1144 leguntur:
515 1084 621 1141 Igne
652 1089 810 1127 micant
837 1083 947 1126 oculi
979 1108 1029 1113 -——
1065 1082 1222 1140 triplici
1250 1091 1367 1125 stant
1392 1082 1539 1125 ordine
1565 1082 1748 1136 dentes,-

245 1169 296 1204 ut
318 1161 479 1204 Latino
500 1165 655 1217 poetae
677 1159 931 1203 obversatus
960 1159 1162 1202 videatur
1187 1158 1262 1202 hic
1283 1158 1427 1201 nostri
1448 1159 1585 1203 locus.
1613 1146 1745 1215 Quod

246 1243 394 1279 autem
438 1234 599 1279 attinet
641 1235 695 1277 ad
731 1235 835 1286 illa,
873 1242 984 1292 quae
1023 1234 1079 1278 de
1116 1247 1238 1277 nexu
1269 1234 1590 1278 sententiarum
1621 1233 1745 1277 dixit

246 1311 465 1363 Rankius,
505 1310 731 1354 observari
772 1310 911 1353 velim
944 1310 1096 1368 priora
1130 1310 1394 1367 pertinuisse
1426 1309 1480 1352 ad
1510 1309 1743 1367 splendida

246 1388 328 1431 illa
365 1387 481 1431 varii
510 1386 700 1444 generis,
739 1386 902 1443 quibus
935 1385 1123 1430 obducta
1161 1393 1257 1429 erat
1284 1386 1432 1444 clypei
1458 1385 1740 1443 superficies,

246 1478 338 1506 non
377 1463 432 1505 ad
474 1462 688 1520 imagines
727 1477 801 1504 seu
842 1461 1027 1519 figuras,
1060 1462 1209 1519 quales
1234 1477 1257 1504 e
1285 1477 1422 1520 gypso
1446 1469 1564 1504 certe
1588 1462 1745 1505 nhllae

245 1536 445 1581 fuerunt.
510 1538 582 1580 Ex
603 1551 794 1594 quanam
821 1536 927 1579 illae
949 1538 1136 1580 materia
1165 1536 1353 1589 fuerint,
1384 1536 1621 1594 aliquando
1646 1537 1744 1594 qui·

245 1614 368 1666 dem,
398 1611 470 1657 sed
498 1625 590 1658 non
623 1613 789 1672 ubique
821 1621 1078 1657 narrantem
1107 1613 1254 1657 videas
1285 1614 1476 1670 poetam.
1531 1612 1744 1656 Provocat

245 1689 465 1740 Rankius,
493 1703 582 1746 quo
609 1688 819 1733 firmetur
845 1688 891 1732 h.
920 1689 954 1734 l.
983 1680 1152 1744 Φόβος,
1187 1689 1243 1733 ad
1268 1689 1530 1748 exemplum
1560 1687 1746 1737 Homeri

245 1765 300 1809 11.
333 1765 386 1810 Ε.
414 1766 521 1816 739,
550 1765 622 1808 sed
648 1763 715 1808 ibi
740 1764 870 1809 verba
897 1765 991 1823 ipsa
1022 1758 1067 1819 ἣν
1105 1758 1200 1822 πέρι
1237 1761 1318 1820 μὲν
1352 1759 1524 1816 πάντη
1565 1756 1746 1821 φόβοι

244 1831 553 1896 ἐστεφάνωται
605 1855 696 1884 non
734 1854 823 1884 esse
863 1840 918 1884 de
948 1855 1136 1899 persona
1167 1833 1315 1896 Φόβου
1344 1840 1630 1899 cogitandum
1662 1836 1745 1883 aru-L

243 1924 405 1975 guunt.
449 1916 559 1960 Fuit
583 1916 736 1973 utique
758 1931 940 1974 persona
958 1908 1106 1972 Φόβου
1126 1916 1175 1960 in
1195 1916 1540 1974 Agamemnonis
1559 1916 1746 1974 clypeo,-

242 2005 375 2049 quem
388 1990 602 2036 exhibuit
613 2006 710 2035 arca
729 1989 933 2049 Cypseli,
948 1998 1056 2035 teste
1074 1988 1285 2036 Pausania
1297 1992 1351 2036 V.
1362 2004 1461 2036 xxx.
1477 1993 1518 2044 4,
1534 1992 1588 2035 ad
1606 2005 1744 2050 quem·

244 2068 355 2111 itam
384 2066 584 2113 Rankius
618 2074 849 2125 provocat,
882 2067 1135 2125 largiorque
1162 2080 1251 2110 non
1287 2066 1488 2124 ineptam
1517 2066 1565 2110 in
1593 2066 1742 2111 herois

244 2149 366 2187 scuto
405 2141 540 2188 fuisse
577 2142 711 2187 talem
745 2142 1008 2200 imaginem,
1053 2141 1313 2202 praesertim
1353 2142 1435 2194 ita,
1474 2150 1526 2185 ut
1563 2142 1614 2186 in
1642 2157 1748 2187 arc&

246 2216 427 2276 Cypseli
454 2232 721 2275 expressam·
757 2216 954 2275 Namque
980 2217 1028 2263 h.
1054 2218 1089 2261 1.
1112 2217 1202 2263 nisi
1221 2218 1446 2275 sequentia
1473 2218 1745 2271 accederent.⁴

246 2293 326 2339 vix
352 2293 561 2350 cuiquam
593 2292 643 2337 in
674 2300 870 2338 mentem
900 2293 1072 2338 veniret
1098 2292 1153 2336 de
1184 2295 1499 2351 prosopopoeia
1530 2294 1747 2351 cogitare«

245 2368 540 2427 videnturque
578 2368 698 2414 mihi
736 2368 830 2425 ipsa
870 2368 982 2420 illa,
1027 2382 1139 2426 quae
1182 2376 1449 2427 sequuntur,
1498 2370 1650 2414 minus
1693 2369 1747 2414 in

243 2437 398 2502 Φόβου
427 2457 658 2502 personam
690 2458 823 2501 quam
864 2443 914 2489 in
949 2444 1187 2488 draconem
1216 2444 1469 2489 convenire.
1532 2444 1745 2491 Ceterum

245 2518 412 2564 fatetur
451 2520 543 2578 ipse
582 2519 802 2571 Rankius.
846 2519 1083 2565 draconem
1130 2520 1179 2564 in
1220 2520 1368 2564 medio
1393 2527 1515 2566 scuto
1546 2521 1746 2578 positum

246 2611 327 2656 per
365 2612 410 2641 se
444 2613 537 2641 nou
572 2597 778 2656 ineptum
817 2610 926 2649 esse,
967 2604 1011 2640 et
1045 2597 1281 2640 draconem
1315 2597 1364 2640 in
1398 2604 1522 2641 scuto
1549 2596 1744 2641 Menelai

248 2671 456 2731 pinxerat
474 2673 766 2732 Polygnotus,
790 2679 840 2716 ut
855 2670 992 2716 refert
1011 2672 1243 2716 Pausanias
1263 2672 1319 2719 X.
1334 2685 1466 2719 xxvt.
1488 2676 1528 2726 1,
1545 2673 1739 2730 citatque

245 2747 412 2791 similia
443 2748 649 2806 exempla
682 2747 947 2796 Welcherus
978 2748 1010 2792 Ι.
1035 2764 1072 2792 c.
1108 2763 1153 2805 p.
1187 2749 1286 2792 574.
