1748 3224
225 228 288 276 22
813 239 1136 271 consui-salvs

287 370 328 401 v.
349 358 407 403 ’10
437 355 623 404 citatur,
648 359 700 394 ut
731 351 912 395 Hesiodi
949 342 992 393 ἓν
1017 341 1220 404 Ἀσπίδι,
1248 350 1304 392 ab
1334 349 1488 408 Etym.
1523 350 1585 393 M.
1616 350 1726 401 646,

228 432 298 476 41.
354 425 459 489 ἱερὸν
498 429 544 471 id
582 427 791 486 Apollini
831 426 1062 470 conditum
1104 426 1159 468 ab
1195 424 1466 482 Argonautis
1499 426 1732 468 tradidisse

228 504 561 551 Callimachum
598 503 744 546 videas
777 502 903 560 apud
922 501 1156 559 Hyginum
1196 501 1243 543 P.
1271 499 1324 545 A.
1357 500 1414 543 11.
1449 504 1525 554 37;
1565 517 1590 544 a
1618 500 1730 544 Tro·

227 581 398 640 phonio
444 578 679 622 conditum
732 577 978 635 prodidisse
1006 618 1009 621 Α
1037 576 1314 619 Heraclidem
1375 576 1612 618 Ponticum
1670 575 1734 617 ait

228 659 403 701 Tzetzes
433 655 488 698 ad
518 654 566 698 h.
600 654 634 698 l.

290 822 332 849 v.
357 808 428 853 71.
458 800 534 848 καὶ
557 797 717 863 αὐτοῦ]
770 805 806 850 F
809 806 940 863 ulgor
961 804 1188 847 oriebatur
1210 819 1302 846 non
1323 810 1502 845 tantum
1523 800 1577 844 ab
1599 799 1736 842 armis

228 883 333 934 Dei,
365 897 523 926 verum
558 888 602 924 et
640 881 695 923 ab
733 881 844 939 ipso.
907 879 1088 924 Scilicet
1129 881 1324 923 Deorum
1377 877 1616 920 adventum
1662 876 1735 918 vel

226 958 518 1017 praesentiam
540 956 740 999 maxime
760 955 935 1014 fulgore
957 955 1131 1014 agnosci
1153 963 1317 997 veteres
1340 952 1589 996 credebant.
1621 950 1737 995 Vide

226 1035 383 1076 citatos
408 1033 498 1075 iam
531 1031 585 1074 ab
610 1031 875 1074 Heinrichio
903 1031 1034 1073 Hom.
1067 1030 1153 1074 Od.
1177 1029 1230 1072 T.
1253 1030 1322 1080 36,
1351 1028 1406 1071 H.
1430 1027 1478 1069 in
1502 1026 1603 1071 Cer.
1624 1029 1732 1077 278;

155 1175 157 1179 r
227 1110 352 1167 Virg.
376 1109 484 1152 Aen.
514 1108 551 1151 1.
585 1108 686 1159 402,
716 1107 972 1165 Heyniique
995 1106 1106 1150 Exc.
1137 1105 1247 1149 XIII
1274 1105 1326 1148 ad
1353 1119 1455 1146 eum
1487 1102 1673 1147 librum.

286 1274 329 1302 v.
352 1260 423 1302 74.
459 1249 656 1317 Ἰολάου]
718 1257 848 1316 Quod
880 1256 1064 1302 Herculi
1092 1256 1255 1299 sociam
1279 1256 1333 1299 ad
1362 1268 1528 1314 pugnas
1555 1267 1736 1312 operam

227 1337 372 1380 Iolaus
402 1335 714 1394 praestitisset,
745 1335 854 1379 hino
879 1332 1111 1379 Plutarchi
1139 1332 1285 1376 adhuc
1317 1338 1458 1376 aetate
1488 1324 1740 1388 σύμβωμον

226 1411 430 1454 Herculis
457 1411 631 1454 Iolaum
662 1410 1010 1460 venerabantur,
1044 1399 1340 1466 παραστάτην
1364 1402 1626 1464 Ἡρακλέους
1648 1399 1739 1449 ὅνο-

226 1479 457 1542 μάζοντες.
518 1485 632 1530 Vide
663 1485 894 1528 Plutarchi
926 1484 1085 1527 Moral.
1113 1499 1158 1541 p.
1191 1483 1274 1526 492
1303 1483 1357 1526 D.
1419 1484 1543 1526 Festa
1573 1482 1740 1525 Thebis

228 1561 446 1605 celebrata
473 1553 735 1618 Ἡράκλεια,
757 1554 822 1604 τὰ
854 1556 929 1603 καὶ
958 1551 1153 1612 Ἰολάϊοι,
1182 1566 1404 1603 memorat
1434 1557 1583 1603 Schol.
1609 1558 1740 1602 Pind.

226 1636 299 1681 Ol.
330 1638 454 1682 XIII.
489 1640 588 1683 148.
652 1636 784 1682 Conf.
818 1637 938 1680 Plut.
974 1636 1022 1679 in
1051 1636 1201 1693 Pelop.
1226 1650 1264 1678 c.
1290 1635 1361 1679 18.

285 1805 328 1832 v.
352 1791 408 1834 ’75
440 1804 527 1846 seq.
554 1796 731 1832 exstant
752 1788 887 1831 etiam
908 1787 996 1831 Th.
1018 1789 1101 1830 152
1122 1801 1222 1844 seq„
1244 1774 1372 1845 ”Εργ.
1389 1785 1471 1828 148
1489 1799 1594 1842 seq„
1608 1784 1738 1835 unde,

227 1865 504 1927 meqiudice,
538 1863 690 1922 potius
712 1863 915 1921 colligas,
947 1862 1120 1920 aliquid
1147 1862 1268 1905 inter
1295 1861 1383 1904 trie
1409 1860 1516 1904 haec
1534 1859 1741 1908 ‚carmina

186 1986 191 1991 ,
230 1940 562 1984 necessitudinis
592 1939 886 1991 intercedere,
918 1953 1052 1997 quam
1081 1952 1185 1984 cum
1212 1937 1466 1995 Koeppenio
1495 1951 1646 1980 versus
1671 1950 1743 1979 eos

230 2019 276 2061 h.
316 2018 348 2060 l.
379 2016 645 2060 resecandos
711 2013 843 2059 conf.
879 2030 991 2073 quae
1028 2014 1230 2057 diximus
1278 2014 1326 2055 in
1360 2012 1535 2057 Comm.
1570 2012 1623 2054 ad
1655 2011 1741 2054 Th.

230 2095 263 2139 l.
291 2109 328 2137 c.
364 2101 408 2136 et
438 2091 668 2136 Rankium
703 2091 756 2134 ad
787 2090 834 2135 h.
868 2091 901 2135 l.

293 2262 337 2291 v.
361 2247 432 2290 77.
469 2237 514 2291 ὅς
541 2236 597 2301 p‘oe
628 2243 659 2287 i.
686 2258 724 2288 e.
753 2242 985 2295 Hercules,
1010 2242 1136 2288 cuius
1160 2241 1396 2300 praecipua
1422 2237 1570 2282 fuerat
1597 2237 1644 2281 in
1671 2251 1745 2281 su-

232 2320 484 2381 perioribus
520 2318 707 2363 mentio.
770 2318 812 2361 Is
845 2332 1007 2361 novam
1035 2330 1232 2375 pugnam
1273 2315 1358 2359 sibi
1396 2315 1562 2358 instare
1592 2313 1746 2357 videns

234 2406 277 2441 et
301 2396 436 2440 huius
460 2403 504 2440 et
530 2394 837 2453 superiorum,
862 2407 971 2452 quos
993 2393 1316 2442 exantlaverat,
1339 2389 1545 2434 laborum
1570 2398 1744 2433 causam

234 2471 405 2516 confert
435 2471 483 2515 in
513 2469 737 2528 quoddam
769 2468 909 2527 patris
939 2467 1007 2511 sui
1040 2467 1246 2512 adversus
1277 2466 1388 2510 Deos
1419 2472 1664 2523 peccatum,
1687 2478 1745 2509 ex

234 2546 465 2589 communi
496 2545 590 2588 scil.
625 2545 718 2588 eius
749 2544 846 2588 aevi
876 2542 1176 2602 persuasione,
1209 2557 1294 2599 qua
1323 2541 1582 2599 graviorum
1610 2541 1744 2585 scele-

236 2636 338 2663 rum
371 2621 535 2664 iudicia
563 2636 584 2663 a
617 2621 713 2664 Diis
747 2620 973 2663 interdum
1005 2618 1054 2661 in
1085 2618 1330 2661 noxiorum
1357 2624 1551 2675 posteros
1573 2616 1742 2660 differri

236 2696 540 2743 credebantur.
607 2694 736 2741 Cous.
783 2695 1028 2739 Milscherl.
1072 2694 1125 2737 ad
1173 2693 1277 2738 Hor.
1324 2692 1356 2738 I.
1388 2705 1559 2737 xxvur.
1604 2694 1661 2738 30
1701 2700 1738 2735 e!

241 2773 316 2816 111.
352 2786 412 2815 vt.
455 2778 487 2814 Ι.
