<?xml version="1.0" encoding="UTF-8"?>
<!DOCTYPE html PUBLIC "-//W3C//DTD XHTML 1.0 Transitional//EN"
    "http://www.w3.org/TR/xhtml1/DTD/xhtml1-transitional.dtd">
<html xmlns="http://www.w3.org/1999/xhtml" xml:lang="en" lang="en">
 <head>
  <title>
</title>
<meta http-equiv="Content-Type" content="text/html;charset=utf-8" />
  <meta name='ocr-system' content='tesseract 3.04.00' />
  <meta name='ocr-capabilities' content='ocr_page ocr_carea ocr_par ocr_line ocrx_word'/>
</head>
<body>
  <div class='ocr_page' id='page_1' title='image "./scutumherculisli00hesiuoft_0094.png"; bbox 0 0 1748 3224; ppageno 0'>
   <div class='ocr_carea' id='block_1_1' title="bbox 234 215 1141 264">
    <p class='ocr_par' dir='ltr' id='par_1_1' title="bbox 234 215 1141 264">
     <span class='ocr_line' id='line_1_1' title="bbox 234 215 1141 264; baseline -0.002 0"><span class='ocrx_word' id='word_1_1' title='bbox 234 215 268 264; x_wconf 83' lang='lat'>6</span> <span class='ocrx_word' id='word_1_2' title='bbox 819 231 1141 262; x_wconf 68' lang='lat' dir='ltr'>conum-utve.</span> 
     </span>
    </p>
   </div>
   <div class='ocr_carea' id='block_1_2' title="bbox 229 343 1748 2824">
    <p class='ocr_par' dir='ltr' id='par_1_2' title="bbox 234 343 1748 482">
     <span class='ocr_line' id='line_1_2' title="bbox 234 343 1748 409; baseline 0.003 -20"><span class='ocrx_word' id='word_1_3' title='bbox 234 344 360 389; x_wconf 86' lang='lat' dir='ltr'>mine</span> <span class='ocrx_word' id='word_1_4' title='bbox 404 344 590 403; x_wconf 84' lang='lat' dir='ltr'>petenda</span> <span class='ocrx_word' id='word_1_5' title='bbox 635 343 883 389; x_wconf 78' lang='lat' dir='ltr'>videbatur.</span> <span class='ocrx_word' id='word_1_6' title='bbox 955 344 1076 402; x_wconf 89' lang='lat' dir='ltr'><strong>Quid</strong></span> <span class='ocrx_word' id='word_1_7' title='bbox 1123 346 1226 390; x_wconf 90' lang='lat' dir='ltr'>inde</span> <span class='ocrx_word' id='word_1_8' title='bbox 1269 347 1553 405; x_wconf 85' lang='lat' dir='ltr'>collegerim,</span> <span class='ocrx_word' id='word_1_9' title='bbox 1602 362 1748 409; x_wconf 49' lang='lat' dir='ltr'>expoffi</span> 
     </span>
     <span class='ocr_line' id='line_1_3' title="bbox 234 434 1742 482; baseline 0.003 -20"><span class='ocrx_word' id='word_1_10' title='bbox 234 434 358 463; x_wconf 89' lang='lat' dir='ltr'>nam.</span> <span class='ocrx_word' id='word_1_11' title='bbox 1618 474 1620 477; x_wconf 18' lang='grc' dir='ltr'><strong><em>ι</em></strong></span> <span class='ocrx_word' id='word_1_12' title='bbox 1736 474 1742 482; x_wconf 19' lang='grc' dir='ltr'><strong><em>ἢ</em></strong></span> 
     </span>
    </p>

    <p class='ocr_par' dir='ltr' id='par_1_3' title="bbox 229 492 1748 1690">
     <span class='ocr_line' id='line_1_4' title="bbox 295 492 1741 556; baseline 0.002 -17"><span class='ocrx_word' id='word_1_13' title='bbox 295 493 521 539; x_wconf 80' lang='lat' dir='ltr'>Carminis</span> <span class='ocrx_word' id='word_1_14' title='bbox 541 492 783 537; x_wconf 86' lang='lat' dir='ltr'><strong>Auctorem</strong></span> <span class='ocrx_word' id='word_1_15' title='bbox 805 508 864 537; x_wconf 80' lang='lat' dir='ltr'>ex</span> <span class='ocrx_word' id='word_1_16' title='bbox 885 495 1196 553; x_wconf 82' lang='lat' dir='ltr'><strong>antiquiorum</strong></span> <span class='ocrx_word' id='word_1_17' title='bbox 1221 504 1360 540; x_wconf 78' lang='lat' dir='ltr'>aetate</span> <span class='ocrx_word' id='word_1_18' title='bbox 1383 498 1611 555; x_wconf 87' lang='lat' dir='ltr'>epicorum</span> <span class='ocrx_word' id='word_1_19' title='bbox 1636 499 1741 556; x_wconf 66' lang='lat' dir='ltr'>poe-</span> 
     </span>
     <span class='ocr_line' id='line_1_5' title="bbox 233 568 1746 627; baseline 0.002 -13"><span class='ocrx_word' id='word_1_20' title='bbox 233 579 329 614; x_wconf 84' lang='lat' dir='ltr'>tam</span> <span class='ocrx_word' id='word_1_21' title='bbox 359 583 542 627; x_wconf 85' lang='lat' dir='ltr'>arguere</span> <span class='ocrx_word' id='word_1_22' title='bbox 572 568 692 612; x_wconf 86' lang='lat' dir='ltr'>mihi</span> <span class='ocrx_word' id='word_1_23' title='bbox 720 569 900 613; x_wconf 84' lang='lat' dir='ltr'>videtur</span> <span class='ocrx_word' id='word_1_24' title='bbox 925 579 1128 615; x_wconf 76' lang='lat' dir='ltr'><strong>constans</strong></span> <span class='ocrx_word' id='word_1_25' title='bbox 1154 570 1296 616; x_wconf 86' lang='lat' dir='ltr'>ferme</span> <span class='ocrx_word' id='word_1_26' title='bbox 1319 572 1369 616; x_wconf 88' lang='lat' dir='ltr'>in</span> <span class='ocrx_word' id='word_1_27' title='bbox 1389 573 1474 615; x_wconf 92' lang='lat' dir='ltr'>illo</span> <span class='ocrx_word' id='word_1_28' title='bbox 1495 573 1746 617; x_wconf 75' lang='lat' dir='ltr'>observatio</span> 
     </span>
     <span class='ocr_line' id='line_1_6' title="bbox 234 644 1748 710; baseline 0.002 -21"><span class='ocrx_word' id='word_1_29' title='bbox 234 644 534 703; x_wconf 75' lang='lat' dir='ltr'>digammatiS.</span> <span class='ocrx_word' id='word_1_30' title='bbox 591 644 806 689; x_wconf 80' lang='lat' dir='ltr'>Cernitur</span> <span class='ocrx_word' id='word_1_31' title='bbox 830 661 879 689; x_wconf 86' lang='lat' dir='ltr'>ea</span> <span class='ocrx_word' id='word_1_32' title='bbox 906 646 956 689; x_wconf 90' lang='lat' dir='ltr'>in</span> <span class='ocrx_word' id='word_1_33' title='bbox 985 663 1057 691; x_wconf 89' lang='lat' dir='ltr'>vv.</span> <span class='ocrx_word' id='word_1_34' title='bbox 1086 649 1142 689; x_wconf 89' lang='lat'>22</span> <span class='ocrx_word' id='word_1_35' title='bbox 1175 647 1262 699; x_wconf 87' lang='lat' dir='ltr'>bis,</span> <span class='ocrx_word' id='word_1_36' title='bbox 1295 649 1367 700; x_wconf 84' lang='lat'>23,</span> <span class='ocrx_word' id='word_1_37' title='bbox 1390 649 1462 700; x_wconf 86' lang='lat'>34,</span> <span class='ocrx_word' id='word_1_38' title='bbox 1491 651 1547 692; x_wconf 83' lang='lat'>38</span> <span class='ocrx_word' id='word_1_39' title='bbox 1572 649 1655 703; x_wconf 84' lang='lat' dir='ltr'>bis,</span> <span class='ocrx_word' id='word_1_40' title='bbox 1672 650 1748 710; x_wconf 59' lang='lat'>54³:</span> 
     </span>
     <span class='ocr_line' id='line_1_7' title="bbox 236 719 1748 779; baseline 0 -15"><span class='ocrx_word' id='word_1_41' title='bbox 236 723 307 772; x_wconf 85' lang='lat'>58,</span> <span class='ocrx_word' id='word_1_42' title='bbox 334 722 419 763; x_wconf 90' lang='grc'>100</span> <span class='ocrx_word' id='word_1_43' title='bbox 438 719 520 773; x_wconf 84' lang='lat' dir='ltr'>bis,</span> <span class='ocrx_word' id='word_1_44' title='bbox 547 722 644 772; x_wconf 88' lang='lat'>117,</span> <span class='ocrx_word' id='word_1_45' title='bbox 668 721 768 773; x_wconf 96' lang='lat'>125,</span> <span class='ocrx_word' id='word_1_46' title='bbox 787 722 888 773; x_wconf 88' lang='grc'><strong>140,</strong></span> <span class='ocrx_word' id='word_1_47' title='bbox 911 723 1130 774; x_wconf 89' lang='lat'>165,166,</span> <span class='ocrx_word' id='word_1_48' title='bbox 1158 725 1255 775; x_wconf 88' lang='grc'>179,</span> <span class='ocrx_word' id='word_1_49' title='bbox 1275 726 1376 779; x_wconf 89' lang='grc'>215,</span> <span class='ocrx_word' id='word_1_50' title='bbox 1401 725 1502 776; x_wconf 88' lang='grc'><strong>224,</strong></span> <span class='ocrx_word' id='word_1_51' title='bbox 1521 725 1621 776; x_wconf 89' lang='lat'>226,</span> <span class='ocrx_word' id='word_1_52' title='bbox 1639 725 1748 776; x_wconf 73' lang='lat'>228,</span> 
     </span>
     <span class='ocr_line' id='line_1_8' title="bbox 236 795 1743 853; baseline 0.003 -15"><span class='ocrx_word' id='word_1_53' title='bbox 236 797 324 839; x_wconf 81' lang='lat'>244</span> <span class='ocrx_word' id='word_1_54' title='bbox 353 795 435 848; x_wconf 83' lang='lat' dir='ltr'>bis,</span> <span class='ocrx_word' id='word_1_55' title='bbox 468 796 583 848; x_wconf 78' lang='lat'>297,·</span> <span class='ocrx_word' id='word_1_56' title='bbox 601 798 705 849; x_wconf 80' lang='grc'><strong>313,</strong></span> <span class='ocrx_word' id='word_1_57' title='bbox 739 799 840 850; x_wconf 87' lang='grc'>318,</span> <span class='ocrx_word' id='word_1_58' title='bbox 873 799 974 849; x_wconf 84' lang='grc'><strong>323,</strong></span> <span class='ocrx_word' id='word_1_59' title='bbox 1005 799 1107 850; x_wconf 83' lang='lat'>330,</span> <span class='ocrx_word' id='word_1_60' title='bbox 1139 799 1240 850; x_wconf 83' lang='lat'>348,</span> <span class='ocrx_word' id='word_1_61' title='bbox 1264 801 1366 852; x_wconf 85' lang='lat'>354,</span> <span class='ocrx_word' id='word_1_62' title='bbox 1390 803 1493 850; x_wconf 85' lang='lat'>355,</span> <span class='ocrx_word' id='word_1_63' title='bbox 1516 802 1618 852; x_wconf 88' lang='grc'><strong>359,</strong></span> <span class='ocrx_word' id='word_1_64' title='bbox 1640 802 1743 853; x_wconf 86' lang='grc'><strong>371,</strong></span> 
     </span>
     <span class='ocr_line' id='line_1_9' title="bbox 236 873 1746 933; baseline 0.003 -19"><span class='ocrx_word' id='word_1_65' title='bbox 236 873 337 924; x_wconf 84' lang='grc'><strong>374,</strong></span> <span class='ocrx_word' id='word_1_66' title='bbox 361 873 464 925; x_wconf 84' lang='grc'><strong>390,</strong></span> <span class='ocrx_word' id='word_1_67' title='bbox 488 874 591 925; x_wconf 89' lang='grc'><strong>392,</strong></span> <span class='ocrx_word' id='word_1_68' title='bbox 616 873 716 925; x_wconf 85' lang='grc'><strong>432,</strong></span> <span class='ocrx_word' id='word_1_69' title='bbox 741 873 842 923; x_wconf 82' lang='lat'>438.</span> <span class='ocrx_word' id='word_1_70' title='bbox 865 873 966 926; x_wconf 80' lang='lat'>439,</span> <span class='ocrx_word' id='word_1_71' title='bbox 989 875 1088 926; x_wconf 86' lang='lat'>441,</span> <span class='ocrx_word' id='word_1_72' title='bbox 1114 875 1212 927; x_wconf 85' lang='grc'><strong>445,</strong></span> <span class='ocrx_word' id='word_1_73' title='bbox 1238 878 1319 919; x_wconf 84' lang='lat'>451</span> <span class='ocrx_word' id='word_1_74' title='bbox 1343 875 1426 932; x_wconf 88' lang='lat' dir='ltr'>bis,</span> <span class='ocrx_word' id='word_1_75' title='bbox 1444 877 1541 921; x_wconf 88' lang='lat'>467.</span> <span class='ocrx_word' id='word_1_76' title='bbox 1573 875 1746 933; x_wconf 74' lang='lat' dir='ltr'>Quibus</span> 
     </span>
     <span class='ocr_line' id='line_1_10' title="bbox 235 948 1748 1010; baseline 0.002 -18"><span class='ocrx_word' id='word_1_77' title='bbox 235 955 386 992; x_wconf 83' lang='lat' dir='ltr'>autem</span> <span class='ocrx_word' id='word_1_78' title='bbox 413 949 462 995; x_wconf 89' lang='lat' dir='ltr'>in</span> <span class='ocrx_word' id='word_1_79' title='bbox 491 948 601 992; x_wconf 87' lang='lat' dir='ltr'>locis</span> <span class='ocrx_word' id='word_1_80' title='bbox 626 950 879 1007; x_wconf 88' lang='lat' dir='ltr'>neglectum</span> <span class='ocrx_word' id='word_1_81' title='bbox 905 949 1130 1007; x_wconf 85' lang='lat' dir='ltr'>digamma</span> <span class='ocrx_word' id='word_1_82' title='bbox 1157 959 1363 1009; x_wconf 76' lang='lat' dir='ltr'>apparet,</span> <span class='ocrx_word' id='word_1_83' title='bbox 1396 967 1553 995; x_wconf 88' lang='lat' dir='ltr'>eorum</span> <span class='ocrx_word' id='word_1_84' title='bbox 1578 952 1629 995; x_wconf 89' lang='lat' dir='ltr'>in</span> <span class='ocrx_word' id='word_1_85' title='bbox 1649 953 1748 1010; x_wconf 70' lang='lat' dir='ltr'>ple-⁴</span> 
     </span>
     <span class='ocr_line' id='line_1_11' title="bbox 235 1021 1747 1083; baseline 0.003 -17"><span class='ocrx_word' id='word_1_86' title='bbox 235 1022 383 1080; x_wconf 77' lang='lat' dir='ltr'>risque</span> <span class='ocrx_word' id='word_1_87' title='bbox 422 1021 570 1067; x_wconf 86' lang='lat' dir='ltr'>facilis</span> <span class='ocrx_word' id='word_1_88' title='bbox 613 1030 678 1067; x_wconf 87' lang='lat' dir='ltr'>est</span> <span class='ocrx_word' id='word_1_89' title='bbox 719 1023 942 1068; x_wconf 81' lang='lat' dir='ltr'>observati</span> <span class='ocrx_word' id='word_1_90' title='bbox 981 1041 1004 1067; x_wconf 81' lang='lat' dir='ltr'>a</span> <span class='ocrx_word' id='word_1_91' title='bbox 1034 1027 1165 1083; x_wconf 69' lang='lat' dir='ltr'>poeta</span> <span class='ocrx_word' id='word_1_92' title='bbox 1193 1027 1433 1072; x_wconf 73' lang='lat' dir='ltr'>restitutio,</span> <span class='ocrx_word' id='word_1_93' title='bbox 1494 1027 1747 1072; x_wconf 73' lang='lat' dir='ltr'>videantur</span> 
     </span>
     <span class='ocr_line' id='line_1_12' title="bbox 235 1099 1748 1161; baseline 0.002 -18"><span class='ocrx_word' id='word_1_94' title='bbox 235 1113 387 1143; x_wconf 82' lang='lat' dir='ltr'>versus</span> <span class='ocrx_word' id='word_1_95' title='bbox 420 1099 490 1150; x_wconf 91' lang='grc'>11,</span> <span class='ocrx_word' id='word_1_96' title='bbox 524 1099 626 1154; x_wconf 90' lang='grc'><strong>196,</strong></span> <span class='ocrx_word' id='word_1_97' title='bbox 654 1099 757 1151; x_wconf 82' lang='grc'><strong>251,</strong></span> <span class='ocrx_word' id='word_1_98' title='bbox 789 1099 889 1151; x_wconf 83' lang='grc'><strong>283,</strong></span> <span class='ocrx_word' id='word_1_99' title='bbox 925 1100 1027 1152; x_wconf 87' lang='grc'><strong>326,</strong></span> <span class='ocrx_word' id='word_1_100' title='bbox 1061 1102 1162 1152; x_wconf 84' lang='grc'><strong>335,</strong></span> <span class='ocrx_word' id='word_1_101' title='bbox 1194 1103 1295 1155; x_wconf 88' lang='lat'>382,</span> <span class='ocrx_word' id='word_1_102' title='bbox 1329 1103 1430 1158; x_wconf 81' lang='lat'>445,</span> <span class='ocrx_word' id='word_1_103' title='bbox 1462 1117 1658 1161; x_wconf 88' lang='lat' dir='ltr'>quaeque</span> <span class='ocrx_word' id='word_1_104' title='bbox 1689 1103 1748 1146; x_wconf 53' lang='lat' dir='ltr'>adi</span> 
     </span>
     <span class='ocr_line' id='line_1_13' title="bbox 234 1169 1748 1236; baseline 0.003 -19"><span class='ocrx_word' id='word_1_105' title='bbox 234 1174 340 1234; x_wconf 80' lang='lat' dir='ltr'>illos</span> <span class='ocrx_word' id='word_1_106' title='bbox 368 1173 451 1217; x_wconf 90' lang='lat' dir='ltr'>sub</span> <span class='ocrx_word' id='word_1_107' title='bbox 480 1181 697 1221; x_wconf 82' lang='lat' dir='ltr'>contextu</span> <span class='ocrx_word' id='word_1_108' title='bbox 727 1175 1006 1229; x_wconf 86' lang='lat' dir='ltr'>notavimus·‚</span> <span class='ocrx_word' id='word_1_109' title='bbox 1041 1191 1182 1235; x_wconf 88' lang='lat' dir='ltr'>neque</span> <span class='ocrx_word' id='word_1_110' title='bbox 1213 1169 1351 1233; x_wconf 74' lang='grc' dir='ltr'><strong><em>ὀϊζύος</em></strong></span> <span class='ocrx_word' id='word_1_111' title='bbox 1371 1170 1503 1236; x_wconf 74' lang='grc' dir='ltr'><em>’ἴδριες</em></span> <span class='ocrx_word' id='word_1_112' title='bbox 1534 1179 1582 1223; x_wconf 90' lang='lat' dir='ltr'>in</span> <span class='ocrx_word' id='word_1_113' title='bbox 1601 1180 1748 1223; x_wconf 54' lang='lat' dir='ltr'>v.351÷</span> 
     </span>
     <span class='ocr_line' id='line_1_14' title="bbox 235 1248 1748 1304; baseline 0.003 -12"><span class='ocrx_word' id='word_1_114' title='bbox 235 1248 548 1294; x_wconf 80' lang='lat' dir='ltr'>difficultatem</span> <span class='ocrx_word' id='word_1_115' title='bbox 578 1249 736 1302; x_wconf 88' lang='lat' dir='ltr'>habet,</span> <span class='ocrx_word' id='word_1_116' title='bbox 767 1249 806 1294; x_wconf 87' lang='lat' dir='ltr'>si</span> <span class='ocrx_word' id='word_1_117' title='bbox 836 1251 970 1295; x_wconf 80' lang='lat' dir='ltr'>erasis</span> <span class='ocrx_word' id='word_1_118' title='bbox 1003 1253 1226 1296; x_wconf 80' lang='lat' dir='ltr'>vocalium</span> <span class='ocrx_word' id='word_1_119' title='bbox 1256 1265 1306 1295; x_wconf 82' lang='lat' dir='ltr'>vo</span> <span class='ocrx_word' id='word_1_120' title='bbox 1338 1254 1624 1304; x_wconf 76' lang='lat' dir='ltr'>admittatur,</span> <span class='ocrx_word' id='word_1_121' title='bbox 1664 1268 1748 1296; x_wconf 88' lang='lat' dir='ltr'>ne-</span> 
     </span>
     <span class='ocr_line' id='line_1_15' title="bbox 235 1317 1745 1386; baseline 0.002 -18"><span class='ocrx_word' id='word_1_122' title='bbox 235 1339 322 1382; x_wconf 88' lang='lat' dir='ltr'>que</span> <span class='ocrx_word' id='word_1_123' title='bbox 361 1331 426 1368; x_wconf 83' lang='lat' dir='ltr'>est</span> <span class='ocrx_word' id='word_1_124' title='bbox 466 1332 519 1369; x_wconf 87' lang='lat' dir='ltr'>ut</span> <span class='ocrx_word' id='word_1_125' title='bbox 550 1325 606 1369; x_wconf 82' lang='lat' dir='ltr'>ad</span> <span class='ocrx_word' id='word_1_126' title='bbox 637 1321 766 1383; x_wconf 71' lang='grc' dir='ltr'>κρατὶ</span> <span class='ocrx_word' id='word_1_127' title='bbox 794 1317 838 1370; x_wconf 76' lang='grc' dir='ltr'>δ’</span> <span class='ocrx_word' id='word_1_128' title='bbox 863 1317 935 1371; x_wconf 69' lang='grc' dir='ltr'>ἐπ’.</span> <span class='ocrx_word' id='word_1_129' title='bbox 964 1319 1130 1386; x_wconf 68' lang='grc' dir='ltr'><strong><em>ἰφθίμῳ</em></strong></span> <span class='ocrx_word' id='word_1_130' title='bbox 1171 1328 1218 1371; x_wconf 91' lang='lat' dir='ltr'>in</span> <span class='ocrx_word' id='word_1_131' title='bbox 1259 1344 1300 1373; x_wconf 88' lang='lat' dir='ltr'>v.</span> <span class='ocrx_word' id='word_1_132' title='bbox 1331 1330 1417 1371; x_wconf 85' lang='lat'>136</span> <span class='ocrx_word' id='word_1_133' title='bbox 1442 1328 1745 1381; x_wconf 84' lang='lat' dir='ltr'>offendamur,</span> 
     </span>
     <span class='ocr_line' id='line_1_16' title="bbox 234 1400 1744 1462; baseline 0.003 -19"><span class='ocrx_word' id='word_1_134' title='bbox 234 1414 340 1444; x_wconf 90' lang='lat' dir='ltr'>cum</span> <span class='ocrx_word' id='word_1_135' title='bbox 377 1401 496 1458; x_wconf 89' lang='lat' dir='ltr'>apud</span> <span class='ocrx_word' id='word_1_136' title='bbox 531 1400 780 1445; x_wconf 90' lang='lat' dir='ltr'>Homerum</span> <span class='ocrx_word' id='word_1_137' title='bbox 811 1402 946 1447; x_wconf 87' lang='lat' dir='ltr'>etiam</span> <span class='ocrx_word' id='word_1_138' title='bbox 977 1404 1188 1461; x_wconf 82' lang='lat' dir='ltr'>pluribus</span> <span class='ocrx_word' id='word_1_139' title='bbox 1217 1405 1268 1447; x_wconf 92' lang='lat' dir='ltr'>in</span> <span class='ocrx_word' id='word_1_140' title='bbox 1299 1404 1409 1448; x_wconf 89' lang='lat' dir='ltr'>locis</span> <span class='ocrx_word' id='word_1_141' title='bbox 1438 1405 1666 1462; x_wconf 84' lang='lat' dir='ltr'>digamma</span> <span class='ocrx_word' id='word_1_142' title='bbox 1694 1404 1744 1447; x_wconf 90' lang='lat' dir='ltr'>in</span> 
     </span>
     <span class='ocr_line' id='line_1_17' title="bbox 229 1467 1748 1538; baseline 0.002 -19"><span class='ocrx_word' id='word_1_143' title='bbox 229 1467 418 1534; x_wconf 63' lang='grc' dir='ltr'>’ἴφθιμος</span> <span class='ocrx_word' id='word_1_144' title='bbox 461 1477 716 1536; x_wconf 89' lang='lat' dir='ltr'>neglectum</span> <span class='ocrx_word' id='word_1_145' title='bbox 762 1478 1035 1524; x_wconf 86' lang='lat' dir='ltr'>observetur.</span> <span class='ocrx_word' id='word_1_146' title='bbox 1104 1478 1207 1524; x_wconf 85' lang='lat' dir='ltr'>Sola</span> <span class='ocrx_word' id='word_1_147' title='bbox 1250 1480 1394 1538; x_wconf 87' lang='lat' dir='ltr'>igitur</span> <span class='ocrx_word' id='word_1_148' title='bbox 1435 1478 1748 1523; x_wconf 85' lang='lat' dir='ltr'>difficultatem</span> 
     </span>
     <span class='ocr_line' id='line_1_18' title="bbox 235 1548 1748 1615; baseline 0.002 -19"><span class='ocrx_word' id='word_1_149' title='bbox 235 1553 383 1599; x_wconf 88' lang='lat' dir='ltr'>adhuc</span> <span class='ocrx_word' id='word_1_150' title='bbox 417 1553 638 1599; x_wconf 81' lang='lat' dir='ltr'>exhibent</span> <span class='ocrx_word' id='word_1_151' title='bbox 678 1554 728 1597; x_wconf 88' lang='lat' dir='ltr'>in</span> <span class='ocrx_word' id='word_1_152' title='bbox 762 1570 806 1598; x_wconf 87' lang='lat' dir='ltr'>v.</span> <span class='ocrx_word' id='word_1_153' title='bbox 845 1557 932 1600; x_wconf 84' lang='lat'>393</span> <span class='ocrx_word' id='word_1_154' title='bbox 971 1549 1258 1613; x_wconf 70' lang='grc' dir='ltr'><strong><em>κυανόπτερος</em></strong></span> <span class='ocrx_word' id='word_1_155' title='bbox 1285 1548 1459 1615; x_wconf 54' lang='lat' dir='ltr'>{izei-oe,</span> <span class='ocrx_word' id='word_1_156' title='bbox 1501 1555 1551 1598; x_wconf 88' lang='lat' dir='ltr'>in</span> <span class='ocrx_word' id='word_1_157' title='bbox 1583 1555 1748 1600; x_wconf 50' lang='lat' dir='ltr'>v.&gt;404</span> 
     </span>
     <span class='ocr_line' id='line_1_19' title="bbox 236 1622 716 1690; baseline 0 -16"><span class='ocrx_word' id='word_1_158' title='bbox 236 1622 347 1683; x_wconf 66' lang='grc' dir='ltr'><em>δεινὴ</em></span> <span class='ocrx_word' id='word_1_159' title='bbox 377 1622 429 1675; x_wconf 82' lang='grc' dir='ltr'>δέ</span> <span class='ocrx_word' id='word_1_160' title='bbox 460 1622 547 1687; x_wconf 75' lang='grc' dir='ltr'>σφ’</span> <span class='ocrx_word' id='word_1_161' title='bbox 586 1622 716 1690; x_wconf 69' lang='grc' dir='ltr'><strong><em>ἰαχή.</em></strong></span> 
     </span>
    </p>

    <p class='ocr_par' dir='ltr' id='par_1_4' title="bbox 236 1705 1748 2218">
     <span class='ocr_line' id='line_1_20' title="bbox 296 1705 1748 1765; baseline -0.001 -14"><span class='ocrx_word' id='word_1_162' title='bbox 296 1707 381 1751; x_wconf 88' lang='lat' dir='ltr'>Pro</span> <span class='ocrx_word' id='word_1_163' title='bbox 416 1705 684 1763; x_wconf 81' lang='lat' dir='ltr'>antiquitate</span> <span class='ocrx_word' id='word_1_164' title='bbox 720 1707 874 1763; x_wconf 64' lang='lat' dir='ltr'>poetae</span> <span class='ocrx_word' id='word_1_165' title='bbox 908 1714 1079 1765; x_wconf 81' lang='lat' dir='ltr'>pugnat</span> <span class='ocrx_word' id='word_1_166' title='bbox 1110 1707 1271 1759; x_wconf 83' lang='lat' dir='ltr'>etiam,</span> <span class='ocrx_word' id='word_1_167' title='bbox 1303 1707 1419 1764; x_wconf 91' lang='lat' dir='ltr'>quod</span> <span class='ocrx_word' id='word_1_168' title='bbox 1450 1707 1500 1750; x_wconf 88' lang='lat' dir='ltr'>in</span> <span class='ocrx_word' id='word_1_169' title='bbox 1527 1706 1622 1750; x_wconf 88' lang='lat' dir='ltr'>eius</span> <span class='ocrx_word' id='word_1_170' title='bbox 1648 1721 1748 1750; x_wconf 78' lang='lat' dir='ltr'>car-</span> 
     </span>
     <span class='ocr_line' id='line_1_21' title="bbox 236 1781 1748 1841; baseline 0.001 -16"><span class='ocrx_word' id='word_1_171' title='bbox 236 1781 361 1825; x_wconf 86' lang='lat' dir='ltr'>mine</span> <span class='ocrx_word' id='word_1_172' title='bbox 395 1781 604 1826; x_wconf 83' lang='lat' dir='ltr'>Hercules</span> <span class='ocrx_word' id='word_1_173' title='bbox 637 1782 897 1833; x_wconf 87' lang='lat' dir='ltr'>inducitur,</span> <span class='ocrx_word' id='word_1_174' title='bbox 925 1798 1040 1832; x_wconf 87' lang='lat' dir='ltr'>non,</span> <span class='ocrx_word' id='word_1_175' title='bbox 1075 1790 1128 1826; x_wconf 85' lang='lat' dir='ltr'>ut</span> <span class='ocrx_word' id='word_1_176' title='bbox 1157 1783 1275 1840; x_wconf 88' lang='lat' dir='ltr'>apud</span> <span class='ocrx_word' id='word_1_177' title='bbox 1306 1783 1595 1835; x_wconf 87' lang='lat' dir='ltr'>recentiores,</span> <span class='ocrx_word' id='word_1_178' title='bbox 1628 1783 1748 1841; x_wconf 81' lang='lat' dir='ltr'>pelle</span> 
     </span>
     <span class='ocr_line' id='line_1_22' title="bbox 236 1856 1748 1909; baseline 0 -9"><span class='ocrx_word' id='word_1_179' title='bbox 236 1857 422 1901; x_wconf 86' lang='lat' dir='ltr'>indutus</span> <span class='ocrx_word' id='word_1_180' title='bbox 449 1856 655 1908; x_wconf 81' lang='lat' dir='ltr'>leonina,</span> <span class='ocrx_word' id='word_1_181' title='bbox 689 1871 769 1901; x_wconf 85' lang='lat' dir='ltr'>nec</span> <span class='ocrx_word' id='word_1_182' title='bbox 797 1858 887 1902; x_wconf 89' lang='lat' dir='ltr'>nisi</span> <span class='ocrx_word' id='word_1_183' title='bbox 914 1859 1040 1902; x_wconf 84' lang='lat' dir='ltr'>clava</span> <span class='ocrx_word' id='word_1_184' title='bbox 1066 1866 1287 1909; x_wconf 81' lang='lat' dir='ltr'>armatus,</span> <span class='ocrx_word' id='word_1_185' title='bbox 1320 1858 1390 1900; x_wconf 86' lang='lat' dir='ltr'>sed</span> <span class='ocrx_word' id='word_1_186' title='bbox 1423 1858 1479 1901; x_wconf 84' lang='lat' dir='ltr'>iis</span> <span class='ocrx_word' id='word_1_187' title='bbox 1504 1857 1748 1901; x_wconf 86' lang='lat' dir='ltr'>instructus</span> 
     </span>
     <span class='ocr_line' id='line_1_23' title="bbox 237 1932 1745 1991; baseline 0.001 -16"><span class='ocrx_word' id='word_1_188' title='bbox 237 1933 397 1985; x_wconf 85' lang='lat' dir='ltr'>armis,</span> <span class='ocrx_word' id='word_1_189' title='bbox 429 1932 590 1991; x_wconf 85' lang='lat' dir='ltr'>quibus</span> <span class='ocrx_word' id='word_1_190' title='bbox 621 1932 757 1978; x_wconf 77' lang='lat' dir='ltr'>etiam</span> <span class='ocrx_word' id='word_1_191' title='bbox 789 1934 903 1991; x_wconf 87' lang='lat' dir='ltr'>apud</span> <span class='ocrx_word' id='word_1_192' title='bbox 939 1933 1185 1978; x_wconf 87' lang='lat' dir='ltr'>Homerum</span> <span class='ocrx_word' id='word_1_193' title='bbox 1213 1934 1365 1978; x_wconf 80' lang='lat' dir='ltr'>heroes</span> <span class='ocrx_word' id='word_1_194' title='bbox 1384 1933 1593 1977; x_wconf 86' lang='lat' dir='ltr'>instructi</span> <span class='ocrx_word' id='word_1_195' title='bbox 1611 1934 1745 1991; x_wconf 85' lang='lat' dir='ltr'>prod-</span> 
     </span>
     <span class='ocr_line' id='line_1_24' title="bbox 237 2008 1748 2067; baseline 0.001 -17"><span class='ocrx_word' id='word_1_196' title='bbox 237 2015 365 2060; x_wconf 86' lang='lat' dir='ltr'>eunt,</span> <span class='ocrx_word' id='word_1_197' title='bbox 415 2008 619 2067; x_wconf 88' lang='lat' dir='ltr'>quodque</span> <span class='ocrx_word' id='word_1_198' title='bbox 657 2023 805 2061; x_wconf 79' lang='lat' dir='ltr'>arma,</span> <span class='ocrx_word' id='word_1_199' title='bbox 849 2017 900 2053; x_wconf 89' lang='lat' dir='ltr'>ut</span> <span class='ocrx_word' id='word_1_200' title='bbox 940 2009 1167 2061; x_wconf 83' lang='lat' dir='ltr'>Herculis,</span> <span class='ocrx_word' id='word_1_201' title='bbox 1210 2010 1274 2052; x_wconf 83' lang='lat' dir='ltr'>ita</span> <span class='ocrx_word' id='word_1_202' title='bbox 1311 2013 1492 2067; x_wconf 89' lang='lat' dir='ltr'>&#39;quoque</span> <span class='ocrx_word' id='word_1_203' title='bbox 1523 2008 1667 2067; x_wconf 88' lang='lat' dir='ltr'>Cycni</span> <span class='ocrx_word' id='word_1_204' title='bbox 1702 2017 1748 2052; x_wconf 86' lang='lat' dir='ltr'>et</span> 
     </span>
     <span class='ocr_line' id='line_1_25' title="bbox 238 2082 1748 2143; baseline 0 -16"><span class='ocrx_word' id='word_1_205' title='bbox 238 2082 396 2128; x_wconf 82' lang='lat' dir='ltr'>Martis</span> <span class='ocrx_word' id='word_1_206' title='bbox 424 2083 588 2142; x_wconf 80' lang='lat' dir='ltr'>passim</span> <span class='ocrx_word' id='word_1_207' title='bbox 617 2092 950 2135; x_wconf 79' lang='lat' dir='ltr'>memorantur,</span> <span class='ocrx_word' id='word_1_208' title='bbox 984 2085 1140 2142; x_wconf 80' lang='lat' dir='ltr'>&#39;qualia</span> <span class='ocrx_word' id='word_1_209' title='bbox 1180 2085 1364 2142; x_wconf 88' lang='lat' dir='ltr'>antiquo</span> <span class='ocrx_word' id='word_1_210' title='bbox 1399 2093 1601 2143; x_wconf 80' lang='lat' dir='ltr'>tempore</span> <span class='ocrx_word' id='word_1_211' title='bbox 1629 2085 1748 2143; x_wconf 75' lang='lat' dir='ltr'>apud.</span> 
     </span>
     <span class='ocr_line' id='line_1_26' title="bbox 239 2142 1713 2218; baseline 0.001 -15"><span class='ocrx_word' id='word_1_212' title='bbox 239 2158 427 2204; x_wconf 81' lang='lat' dir='ltr'>Graecos</span> <span class='ocrx_word' id='word_1_213' title='bbox 456 2158 668 2212; x_wconf 87' lang='lat' dir='ltr'>fuerunt,</span> <span class='ocrx_word' id='word_1_214' title='bbox 701 2174 840 2206; x_wconf 73' lang='lat' dir='ltr'>aerea.</span> <span class='ocrx_word' id='word_1_215' title='bbox 883 2160 988 2206; x_wconf 88' lang='lat' dir='ltr'>vid.</span> <span class='ocrx_word' id='word_1_216' title='bbox 1016 2142 1089 2204; x_wconf 53' lang='lat' dir='ltr'><strong>v&#39;v.</strong></span> <span class='ocrx_word' id='word_1_217' title='bbox 1119 2163 1216 2212; x_wconf 82' lang='grc'><strong>185,</strong></span> <span class='ocrx_word' id='word_1_218' title='bbox 1240 2161 1341 2213; x_wconf 88' lang='grc'><strong>222,</strong></span> <span class='ocrx_word' id='word_1_219' title='bbox 1368 2161 1453 2203; x_wconf 83' lang='grc'><strong>414</strong></span> <span class='ocrx_word' id='word_1_220' title='bbox 1473 2175 1580 2218; x_wconf 66' lang='lat' dir='ltr'>seq„</span> <span class='ocrx_word' id='word_1_221' title='bbox 1613 2162 1713 2205; x_wconf 82' lang='lat'>453.</span> 
     </span>
    </p>

    <p class='ocr_par' dir='ltr' id='par_1_5' title="bbox 238 2234 1745 2519">
     <span class='ocr_line' id='line_1_27' title="bbox 296 2234 1745 2294; baseline -0.001 -14"><span class='ocrx_word' id='word_1_222' title='bbox 296 2234 368 2280; x_wconf 80' lang='lat' dir='ltr'>Ab</span> <span class='ocrx_word' id='word_1_223' title='bbox 398 2235 642 2280; x_wconf 82' lang='lat' dir='ltr'>recentiore</span> <span class='ocrx_word' id='word_1_224' title='bbox 671 2236 907 2293; x_wconf 67' lang='lat' dir='ltr'>poetarum</span> <span class='ocrx_word' id='word_1_225' title='bbox 938 2236 1067 2294; x_wconf 82' lang='lat' dir='ltr'>cyclo</span> <span class='ocrx_word' id='word_1_226' title='bbox 1096 2236 1240 2279; x_wconf 86' lang='lat' dir='ltr'>nescio</span> <span class='ocrx_word' id='word_1_227' title='bbox 1283 2251 1339 2280; x_wconf 83' lang='lat' dir='ltr'>an</span> <span class='ocrx_word' id='word_1_228' title='bbox 1373 2244 1578 2279; x_wconf 80' lang='lat' dir='ltr'>nostrum</span> <span class='ocrx_word' id='word_1_229' title='bbox 1609 2237 1745 2279; x_wconf 85' lang='lat' dir='ltr'>etiam</span> 
     </span>
     <span class='ocr_line' id='line_1_28' title="bbox 238 2310 1745 2370; baseline 0 -16"><span class='ocrx_word' id='word_1_230' title='bbox 238 2310 440 2369; x_wconf 78' lang='lat' dir='ltr'>seiungat</span> <span class='ocrx_word' id='word_1_231' title='bbox 476 2311 648 2356; x_wconf 76' lang='lat' dir='ltr'>diversa</span> <span class='ocrx_word' id='word_1_232' title='bbox 679 2311 734 2355; x_wconf 81' lang='lat' dir='ltr'>de</span> <span class='ocrx_word' id='word_1_233' title='bbox 762 2325 892 2357; x_wconf 80' lang='lat' dir='ltr'>causa</span> <span class='ocrx_word' id='word_1_234' title='bbox 921 2311 1030 2356; x_wconf 79' lang='lat' dir='ltr'>caesi</span> <span class='ocrx_word' id='word_1_235' title='bbox 1063 2310 1117 2354; x_wconf 83' lang='lat' dir='ltr'>ab</span> <span class='ocrx_word' id='word_1_236' title='bbox 1148 2311 1484 2369; x_wconf 84' lang='lat' dir='ltr'>Amphitryone</span> <span class='ocrx_word' id='word_1_237' title='bbox 1514 2313 1745 2370; x_wconf 86' lang='lat' dir='ltr'>Electryo-</span> 
     </span>
     <span class='ocr_line' id='line_1_29' title="bbox 238 2385 1744 2432; baseline 0.001 -3"><span class='ocrx_word' id='word_1_238' title='bbox 238 2386 309 2431; x_wconf 78' lang='lat' dir='ltr'>nis</span> <span class='ocrx_word' id='word_1_239' title='bbox 360 2386 558 2432; x_wconf 81' lang='lat' dir='ltr'>traditio.</span> <span class='ocrx_word' id='word_1_240' title='bbox 643 2385 948 2431; x_wconf 81' lang='lat' dir='ltr'>Conferantur</span> <span class='ocrx_word' id='word_1_241' title='bbox 1003 2401 1026 2429; x_wconf 78' lang='lat' dir='ltr'><strong>a</strong></span> <span class='ocrx_word' id='word_1_242' title='bbox 1079 2385 1205 2430; x_wconf 81' lang='lat' dir='ltr'>nobis</span> <span class='ocrx_word' id='word_1_243' title='bbox 1263 2386 1448 2430; x_wconf 81' lang='lat' dir='ltr'>dicenda</span> <span class='ocrx_word' id='word_1_244' title='bbox 1514 2386 1631 2430; x_wconf 80' lang='lat' dir='ltr'>infra</span> <span class='ocrx_word' id='word_1_245' title='bbox 1691 2386 1744 2430; x_wconf 77' lang='lat' dir='ltr'>ad</span> 
     </span>
     <span class='ocr_line' id='line_1_30' title="bbox 242 2462 495 2519; baseline 0.02 -16"><span class='ocrx_word' id='word_1_246' title='bbox 242 2476 282 2504; x_wconf 81' lang='lat' dir='ltr'>v.</span> <span class='ocrx_word' id='word_1_247' title='bbox 320 2462 369 2506; x_wconf 86' lang='grc'>11</span> <span class='ocrx_word' id='word_1_248' title='bbox 407 2476 495 2519; x_wconf 75' lang='lat' dir='ltr'>seq.</span> 
     </span>
    </p>

    <p class='ocr_par' dir='ltr' id='par_1_6' title="bbox 240 2534 1748 2824">
     <span class='ocr_line' id='line_1_31' title="bbox 298 2534 1748 2595; baseline 0.001 -16"><span class='ocrx_word' id='word_1_249' title='bbox 298 2534 421 2581; x_wconf 84' lang='lat' dir='ltr'>souti</span> <span class='ocrx_word' id='word_1_250' title='bbox 453 2537 694 2582; x_wconf 83' lang='lat' dir='ltr'>Auctorem</span> <span class='ocrx_word' id='word_1_251' title='bbox 727 2538 990 2583; x_wconf 84' lang='lat' dir='ltr'>Boeotorum</span> <span class='ocrx_word' id='word_1_252' title='bbox 1024 2537 1216 2595; x_wconf 84' lang='lat' dir='ltr'>regionis</span> <span class='ocrx_word' id='word_1_253' title='bbox 1250 2537 1442 2581; x_wconf 82' lang='lat' dir='ltr'>incolam</span> <span class='ocrx_word' id='word_1_254' title='bbox 1472 2537 1664 2590; x_wconf 90' lang='lat' dir='ltr'>indicat,</span> <span class='ocrx_word' id='word_1_255' title='bbox 1695 2537 1748 2581; x_wconf 85' lang='lat' dir='ltr'>ni</span> 
     </span>
     <span class='ocr_line' id='line_1_32' title="bbox 243 2609 1745 2674; baseline 0.002 -20"><span class='ocrx_word' id='word_1_256' title='bbox 243 2609 392 2664; x_wconf 77' lang='lat' dir='ltr'>fallor,</span> <span class='ocrx_word' id='word_1_257' title='bbox 425 2620 523 2658; x_wconf 88' lang='lat' dir='ltr'>tum</span> <span class='ocrx_word' id='word_1_258' title='bbox 555 2615 671 2672; x_wconf 86' lang='lat' dir='ltr'>quod</span> <span class='ocrx_word' id='word_1_259' title='bbox 705 2616 800 2660; x_wconf 78' lang='lat' dir='ltr'>eius</span> <span class='ocrx_word' id='word_1_260' title='bbox 828 2622 960 2674; x_wconf 80' lang='lat' dir='ltr'>caput</span> <span class='ocrx_word' id='word_1_261' title='bbox 985 2614 1182 2666; x_wconf 76' lang='lat' dir='ltr'>Thebas,</span> <span class='ocrx_word' id='word_1_262' title='bbox 1208 2622 1377 2673; x_wconf 82' lang='lat' dir='ltr'>septem</span> <span class='ocrx_word' id='word_1_263' title='bbox 1411 2622 1645 2673; x_wconf 85' lang='lat' dir='ltr'>portarum</span> <span class='ocrx_word' id='word_1_264' title='bbox 1667 2629 1745 2658; x_wconf 81' lang='lat' dir='ltr'>ui·-</span> 
     </span>
     <span class='ocr_line' id='line_1_33' title="bbox 240 2686 1745 2748; baseline 0.004 -20"><span class='ocrx_word' id='word_1_265' title='bbox 240 2686 340 2729; x_wconf 85' lang='lat' dir='ltr'>bem</span> <span class='ocrx_word' id='word_1_266' title='bbox 389 2703 492 2745; x_wconf 76' lang='lat' dir='ltr'>prae</span> <span class='ocrx_word' id='word_1_267' title='bbox 543 2690 644 2733; x_wconf 80' lang='lat' dir='ltr'>aliis</span> <span class='ocrx_word' id='word_1_268' title='bbox 698 2690 743 2733; x_wconf 85' lang='lat' dir='ltr'>in</span> <span class='ocrx_word' id='word_1_269' title='bbox 795 2690 974 2734; x_wconf 82' lang='lat' dir='ltr'>Graecia</span> <span class='ocrx_word' id='word_1_270' title='bbox 1018 2692 1136 2733; x_wconf 77' lang='lat' dir='ltr'>inter</span> <span class='ocrx_word' id='word_1_271' title='bbox 1173 2690 1323 2748; x_wconf 86' lang='lat' dir='ltr'>clypei</span> <span class='ocrx_word' id='word_1_272' title='bbox 1362 2697 1624 2734; x_wconf 75' lang='lat' dir='ltr'>ornamenta</span> <span class='ocrx_word' id='word_1_273' title='bbox 1659 2705 1745 2734; x_wconf 79' lang='lat' dir='ltr'>esse</span> 
     </span>
     <span class='ocr_line' id='line_1_34' title="bbox 242 2757 1742 2824; baseline 0.002 -20"><span class='ocrx_word' id='word_1_274' title='bbox 242 2763 388 2808; x_wconf 83' lang='lat' dir='ltr'>voluit</span> <span class='ocrx_word' id='word_1_275' title='bbox 424 2778 496 2808; x_wconf 86' lang='lat' dir='ltr'>vv.</span> <span class='ocrx_word' id='word_1_276' title='bbox 533 2767 620 2810; x_wconf 85' lang='lat'>270</span> <span class='ocrx_word' id='word_1_277' title='bbox 641 2781 779 2824; x_wconf 74' lang='lat' dir='ltr'>seqq..</span> <span class='ocrx_word' id='word_1_278' title='bbox 821 2766 940 2811; x_wconf 88' lang='lat' dir='ltr'>idem</span> <span class='ocrx_word' id='word_1_279' title='bbox 968 2766 1175 2810; x_wconf 76' lang='lat' dir='ltr'>disertius</span> <span class='ocrx_word' id='word_1_280' title='bbox 1221 2757 1373 2821; x_wconf 72' lang='grc' dir='ltr'><em>Θήβην</em></span> <span class='ocrx_word' id='word_1_281' title='bbox 1418 2773 1461 2808; x_wconf 89' lang='lat' dir='ltr'>et</span> <span class='ocrx_word' id='word_1_282' title='bbox 1508 2765 1742 2810; x_wconf 80' lang='lat' dir='ltr'>tutelarem</span> 
     </span>
    </p>
   </div>
  </div>
 </body>
</html>
