1748 3224
515 247 552 276 m
588 246 752 280 ansioni
785 248 959 281 scvrvn.
1421 235 1485 284 49

0 374 16 403 s
43 359 164 413 locu,
197 357 275 401 ubi
308 360 511 417 primum
549 372 878 419 pugnaverant,
921 364 1143 408 anteriora
1170 378 1327 408 -versus
1352 379 1485 423 supra

0 434 232 478 misorum
262 449 446 492 corpora
475 449 734 493 progressos.

47 507 136 553 Vbi
158 507 231 550 hic
252 503 440 552 κελαινὸν
461 498 576 566 αἷμα
591 509 640 552 in
661 518 827 554 terram
847 513 1089 556 destillasse
1103 514 1486 567 dicitur,dubium

0 582 133 628 videri
168 591 333 640 potest,
371 584 486 626 sitne
515 578 704 627 κελαινὸν
743 586 978 643 epitheton
1009 588 1277 646 simpliciter
1303 605 1491 643 ornans,

0 670 48 704 m
76 658 272 702 voluerit
307 674 356 702 eo
388 660 516 716 po‘eta
548 660 837 717 conspicuum
869 660 918 704 in
952 663 1111 720 clypeo
1148 665 1343 708 colorem
1378 665 1490 709 ἀθεί-

0 744 142 792 3nare‚
189 748 292 776 cum
323 733 490 790 alioqui
534 734 583 776 in
622 734 706 777 hac
745 736 940 794 imagine
971 737 1101 780 nulla
1134 739 1193 781 sit
1225 740 1386 784 coloris
1414 747 1492 784 aut

0 808 202 851 materiae
226 808 472 866 figurarum
503 809 794 866 significatio,
818 811 934 853 sicut
956 812 1125 869 pariter
1148 813 1198 856 in
1228 815 1400 858 incerto
1421 829 1491 859 re-

0 882 151 927 lictum
175 890 259 933 est,
283 880 512 926 fuerintne
526 884 797 927 extrinsecus
814 885 1055 943 applicatae
1074 888 1127 930 ad
1147 903 1294 932 aream
1308 890 1491 949 figurae,

0 972 49 1002 nn
71 957 352 1000 cohaerentes
376 971 480 999 cum
509 971 556 1000 ea
582 958 674 1002 sive
699 959 862 1003 incisae
885 976 960 1004 seu
987 963 1110 1005 coelo
1136 965 1408 1023 exsculptae.

54 1123 94 1151 v.
123 1108 224 1152 174.
277 1103 472 1167 αὐχένας
505 1100 787 1169 ἓξεριποῖιτες]
819 1111 918 1163 i.e.‚
938 1121 989 1155 ut
1012 1122 1128 1156 recte
1152 1114 1320 1172 accepit
1344 1113 1492 1172 Heyn.

0 1182 48 1227 nd
77 1182 132 1225 ΙΙ.
162 1183 208 1226 P.
237 1183 345 1236 440,
379 1181 479 1226 κατ’
493 1180 706 1244 αὐχένας,
720 1179 923 1246 aziza-‘mm
985 1187 1166 1231 Mortui.
1189 1187 1390 1231 iacebant
1419 1188 1494 1231 de-

0 1257 103 1303 iectu
144 1259 340 1310 cervice,
390 1275 525 1316 quam
569 1269 758 1304 erectam
799 1262 1050 1307 habuerant
1067 1263 1195 1321 [vivi.
1245 1264 1492 1308 Diaconus:

0 1323 198 1391 ῥίψαντες
240 1327 326 1379 τὰς
370 1328 578 1391 κεφαλᾶς
623 1329 798 1380 ἔκειντο.
879 1337 1088 1382 Contulit
1131 1338 1286 1382 Heinr.
1330 1338 1496 1397 virgil.

0 1409 103 1457 Aen.
134 1410 190 1452 X.
225 1410 324 1453 714.

54 1562 220 1605 v.*1·77.
269 1557 468 1620 χαροποὶ
505 1556 697 1619 λέοντες,
745 1572 796 1607 ut
838 1566 935 1617 hic,
976 1564 1190 1608 dicuntur
1231 1565 1368 1608 etiam
1406 1564 1494 1610 od.

0 1634 53 1684 Λ.
91 1637 198 1687 610,
242 1636 297 1680 Η.
343 1637 392 1681 in
427 1638 539 1684 Ven.
570 1641 640 1683 70.
713 1640 874 1685 Variae
912 1648 1018 1683 sunt
1054 1640 1259 1683 vocabuli
1289 1634 1498 1700 χαροπδς

0 1711 111 1769 apud
137 1711 410 1769 Hesychium
438 1713 486 1756 in
519 1729 560 1757 v.
597 1714 937 1773 explicationes,
978 1715 1107 1757 nulla
1145 1715 1212 1758 rei
1253 1714 1327 1758 hic
1358 1716 1499 1774 signi-

0 1785 148 1830 ficatae
185 1789 465 1833 conveniens.
527 1790 707 1833 Rectius
742 1790 796 1833 ab
830 1790 965 1834 Suida
1003 1791 1249 1849 exponitur
1277 1781 1499 1847 εὐόφθαλ-

0 1873 94 1918 poc·
162 1861 362 1906 Omnino
407 1864 528 1907 leoni
569 1865 769 1908 inditum
823 1866 909 1909 hoc
956 1866 1189 1925 epitheton
1231 1865 1288 1908 ab
1329 1866 1494 1919 oeulis,

0 1937 371 1996 quemadmodum
406 1939 542 1982 etiam
581 1940 647 1992 id,
694 1940 810 1998 quod
851 1956 984 2000 supra
1022 1955 1066 1986 v.
1109 1942 1192 1985 175
1232 1940 1495 1994 habuimus,

0 2005 228 2072 βλοσυρός.
285 2013 415 2058 Conf.
442 2015 597 2072 Etym.
626 2015 687 2059 M.
719 2031 764 2074 p.
793 2017 893 2068 201,
927 2018 969 2060 7.
1033 2015 1346 2074 Compositum
1372 2017 1496 2060 enim

1 2083 203 2149 χαροπὰ
238 2104 296 2132 ex
334 2084 468 2149 χαρὶι
496 2099 541 2134 et
571 2082 673 2145 ὥψ,
704 2092 888 2150 proprie
916 2099 1043 2134 notat
1073 2106 1198 2143 eum,
1230 2092 1356 2134 cuius
1372 2091 1493 2136 oculi

0 2173 102 2208 sunt
129 2165 258 2217 laeti,
290 2165 458 2217 vividi,
491 2165 600 2208 hinc
632 2167 837 2209 universe
868 2181 1013 2209 acrem
1044 2166 1198 2210 oculis.
1260 2167 1343 2209 Est
1369 2167 1492 2210 enim

2 2237 127 2293 Iconi,
158 2248 210 2284 ut
239 2241 303 2288 ait
332 2241 506 2284 Plinius
533 2241 586 2287 N.
615 2241 670 2286 H.
699 2241 821 2287 VIII.
843 2244 918 2293 16,
944 2247 1179 2300 praecipua
1205 2247 1331 2284 visin
1349 2241 1496 2286 oeulis.

3 2313 151 2374 Ipsum
182 2311 288 2359 λέων
316 2317 498 2374 proprie
517 2325 580 2360 est
603 2325 767 2359 acutum
790 2317 954 2369 videns,
976 2332 1000 2359 a
1017 2311 1127 2372 λέω,
1158 2317 1276 2360 unde
1304 2312 1492 2359 λεύσσω.

14 2484 33 2506 1»
61 2459 408 2514 wilm—190.
452 2470 574 2515 Nova
594 2472 761 2530 imago:
795 2471 1092 2530 Lapitharum
1107 2479 1152 2514 et
1168 2471 1495 2516 Centaurorum

3 2556 167 2604 pugna.
211 2545 418 2590 Veterem
450 2562 498 2589 ac
527 2546 743 2590 celebrem
773 2547 827 2590 de
857 2562 904 2590 ea
931 2546 1219 2590 traditionem
1239 2545 1375 2589 fuisse
1394 2560 1499 2590 oon-

5 2625 88 2664 &at
118 2620 252 2663 etiam
285 2636 342 2664 ex
371 2621 503 2666 Hom.
535 2620 620 2666 Od.
653 2621 704 2664 Φ.
738 2623 823 2666 295
855 2636 968 2680 seqq.
1031 2621 1180 2680 Neque
1203 2620 1394 2663 dubium
1418 2627 1498 2672 est,

7 2694 115 2753 quin
156 2711 253 2739 eam
289 2698 594 2742 exornandam
623 2698 709 2741 sibi
738 2698 978 2742 sumserint
1008 2697 1314 2754 antiquiorum
1345 2697 1498 2754 poeta·

9 2779 109 2814 rum
139 2772 309 2830 plures,
351 2788 408 2816 ex
446 2774 606 2831 quibus
635 2773 878 2833 profecerit
907 2774 1080 2816 multus
1108 2772 1158 2815 in
1189 2787 1237 2814 ea
1268 2771 1497 2814 tractanda

1271 2846 1303 2893 4
