1742 3294
397 781 1180 879 wPRAEFA'rIo.

145 1268 483 1350 Exspectatur
523 1301 553 1333 a
595 1300 674 1333 me
716 1282 962 1349 praefatio
1004 1282 1118 1333 huic
1153 1282 1303 1332 tertio
1337 1257 1578 1332 volumini

29 1424 31 1436 Γ
78 1373 368 1426 carminum
411 1375 779 1426 Hesiodeorum
819 1375 1211 1442 praemittenda3
1260 1375 1302 1424 si
1339 1405 1406 1412 —-
1447 1373 1579 1441 quod

26 1495 27 1498 ¹
76 1467 289 1520 Veteres
311 1469 365 1518 111
387 1467 536 1520 rebus
559 1468 763 1537 agendis
782 1468 1000 1536 praefari
1023 1468 1249 1519 solebant
1274 1499 1342 1506 -—
1369 1471 1429 1517 ut
1449 1466 1578 1516 bona

24 1574 25 1578 ’
75 1560 242 1622 fausta
286 1561 409 1612 felix
448 1550 800 1630 fortunataque
846 1562 943 1613 siet
984 1562 1104 1613 haec
1146 1561 1378 1612 editionis
1414 1560 1580 1628 perfe-

26 1654 29 1655 ’
77 1654 200 1720 ctio,
239 1653 420 1722 religio
459 1654 527 1704 sit
560 1654 651 1706 hoc
687 1655 902 1706 officium
941 1654 1243 1719 detrectare,
1278 1652 1576 1720 praesertim

23 1759 26 1776 ³
74 1747 128 1797 in
159 1765 306 1814 opere
342 1737 575 1815 postumo
610 1748 706 1798 viri
735 1748 948 1816 egregii,
985 1748 1071 1816 qui
1101 1747 1327 1797 labantes
1361 1747 1491 1797 vires
1525 1747 1579 1795 in

27 1851 30 1854 ’
77 1840 168 1891 hoc
206 1839 353 1892 senili
391 1858 540 1907 opere
575 1841 870 1906 consumsit,
913 1859 1069 1909 eoque
1111 1840 1366 1891 exantlato
1401 1839 1577 1889 multis

32 1986 35 1991 ,
76 1935 387 1987 desideratus
410 1933 608 2001 occidit3
635 1937 714 1987 sin
738 1936 830 1989 hac
852 1937 1038 1987 recenti
1062 1935 1422 2004 significatione
1440 1932 1578 1984 verbi

29 2062 31 2067 -
75 2029 350 2096 requiritur
378 2029 648 2096 praefatio,
684 2047 811 2097 quae
844 2030 1010 2096 operis
1041 2029 1302 2080 consilium
1337 2032 1578 2094 exponat,

77 2121 204 2172 nihil
238 2122 343 2174 fere
391 2127 468 2174 est
503 2123 635 2191 quod
682 2122 965 2173 desiderent
1002 2122 1238 2187 lectores,
1274 2122 1462 2189 quippe
1499 2121 1579 2170 his

76 2214 185 2280 ipse
215 2214 502 2282 Lennepius
536 2215 589 2265 in
623 2215 874 2282 prioribus
909 2214 1243 2266 voluminibus
1279 2213 1534 2265 satisfecit.

147 2305 246 2357 Sed
278 2307 474 2358 mirum*
497 2325 596 2358 non
629 2312 706 2358 est
734 2307 857 2358 haec
885 2307 1278 2358 considerantem
1307 2325 1388 2358 me
1418 2307 1579 2357 redire

77 2399 131 2448 in
159 2400 474 2466 memoriam,
503 2419 654 2468 quam
682 2401 797 2452 inde
833 2401 894 2451 ab
928 2402 1187 2452 iuventute
1218 2401 1404 2452 retinui
1436 2401 1582 2451 insti-

79 2491 288 2542 tutionis
319 2493 692 2560 Lennepianae,
736 2495 995 2563 ipsiusque
1033 2495 1312 2546 studiorum
1353 2513 1408 2545 ac
1444 2494 1579 2544 labo-

30 2591 33 2594 ⁴
79 2603 214 2650 rum,
258 2593 471 2653 quorum
506 2587 550 2638 si
577 2588 707 2638 ratio
737 2587 997 2639 abhorruit
1025 2589 1089 2639 ab
1115 2607 1172 2640 eo
1203 2589 1335 2657 quod
1355 2589 1583 2639 nonnulli

29 2676 31 2678 ’
82 2696 169 2744 spe
206 2683 258 2729 et
297 2681 664 2746 exspectatione
703 2688 1060 2748 praeceperant
1093 2689 1302 2750 propter
1338 2683 1582 2748 Lennepii

18 2822 27 2845 a
83 2768 510 2835 splendidissimas
552 2771 692 2824 dotes
733 2775 947 2842 ingenii,
982 2775 1161 2827 harum
1207 2776 1410 2844 quidem
1448 2776 1584 2826 haud

18 2935 21 2944 ι
84 2861 245 2913 multa
295 2863 504 2932 reliquit
553 2873 876 2919 monumenta
927 2887 1019 2936 pro
1073 2871 1256 2920 virium
1303 2870 1584 2934 alacritate,
