1748 3224
251 215 313 263 10
838 230 1160 263 connnnmvs

247 348 443 394 servavit
474 347 726 391 Athenaeus
761 347 885 391 XIII.
926 363 972 406 p.
1005 350 1112 400 597,
1154 363 1227 391 vv.
1256 348 1308 389 21
1342 362 1456 406 seqq.
1485 347 1670 390 duxerit
1695 349 1747 392 ad

246 423 531 474 credendum,
550 422 780 464 condentis
794 423 910 465 illud
924 421 1101 466 Hesiodi
1123 429 1320 465 mentem
1335 431 1592 481 occupatam
1615 422 1748 468 fuisse

245 498 512 557 cogitatione
531 497 594 540 rei
617 498 857 541 amatoriae
877 506 922 541 et
940 500 1126 557 optandi
1146 497 1231 540 sibi
1253 481 1451 555 coniugii
1474 513 1577 541 cum
1597 500 1747 557 puella

247 575 451 623 Asci-aea,
472 587 626 633 5quam
671 573 912 628 amaverit,
954 573 1136 617 nomine
1179 573 1322 616 Eoea:
1373 572 1523 630 itaque
1567 572 1748 617 fortasse

246 647 506 692 huiusmodi
527 646 661 690 fuisse
678 649 891 691 carminis
911 649 1119 692 initium:
1147 640 1278 700 Τοίην
1312 639 1366 700 δή
1394 640 1450 704 ῥα
1479 641 1653 705 ’γυναῖκ’
1687 640 1748 702 εἴη

246 735 322 779 μοι
351 712 492 765 σ’ἰκαδ’
520 713 712 781 ἄγεσθαι
734 713 817 775 0ἳή
843 726 945 766 κτλ.
1009 725 1160 768 Liceat
1201 724 1320 766 mihi
1357 738 1532 782 quoque
1562 724 1748 769 subinde

245 799 295 840 in
326 797 399 840 his
429 797 664 841 hariolari.

305 872 573 931 Goettlingii
603 874 832 932 opinioni,
865 873 1000 918 fuisse
1033 883 1212 918 tantum
1246 876 1295 918 in
1323 875 1406 918 hoc
1430 875 1630 918 carmine
1654 890 1747 918 me-

245 955 437 991 moratas
464 948 672 1000 feminas,
714 948 976 1006 quibuscum
1013 949 1187 1008 Iupiter
1214 965 1308 993 rem
1338 950 1567 1005 habuerit,
1605 948 1747 993 refra-

243 1016 407 1082 gantur
430 1022 677 1082 fragmenta
707 1039 759 1067 ex
787 1025 914 1068 Eoeis
939 1026 1058 1083 apud
1085 1023 1234 1071 Schol.
1261 1025 1389 1069 Pind.
1421 1025 1556 1084 Pyth.
1578 1025 1655 1071 IV.
1671 1027 1743 1079 33,

242 1099 321 1143 IX.
355 1100 399 1142 6.

308 1167 486 1232 δόμους]
521 1174 766 1232 Tirynthe,
797 1174 874 1218 ubi
901 1173 994 1217 fuit
1017 1175 1300 1233 Electryonis
1324 1175 1458 1234 regia.
1501 1175 1606 1220 Vid.
1623 1175 1744 1220 infra

244 1266 287 1293 v.
314 1251 368 1294 81
398 1258 440 1293 et
470 1248 588 1293 conf.
619 1250 828 1308 Apollod.
865 1250 922 1295 II.
951 1263 1018 1294 lv.
1053 1251 1102 1302 4,
1136 1251 1319 1294 Pausan.
1350 1251 1407 1295 II.
1432 1265 1544 1295 xxv.
1577 1253 1619 1296 9.
1681 1252 1745 1295 De

241 1326 377 1384 regiis
413 1325 593 1369 aedibus
634 1324 1019 1383 frequentissimus
1060 1333 1124 1369 est
1162 1327 1297 1369 etiam
1342 1328 1456 1385 apud
1497 1327 1740 1370 Homerum

241 1401 433 1460 pluralis
453 1400 632 1443 numeri
657 1416 758 1443 usus
783 1401 833 1444 in
859 1401 944 1443 hoc
964 1400 1193 1445 vocabulo.
1240 1401 1392 1460 Itaque
1414 1402 1558 1445 miror
1577 1402 1742 1449 Wolfii

241 1477 375 1520 verba
402 1477 518 1535 apud
547 1476 776 1520 Rankium
804 1477 854 1519 in
883 1476 1050 1535 Appar.
1081 1476 1196 1521 Crit.
1230 1469 1393 1533 »δόμον
1420 1478 1458 1521 si
1483 1477 1534 1521 in
1564 1479 1744 1536 vulgato

238 1561 396 1596 »textu
425 1560 553 1604 esset,
589 1567 722 1595 nemo
752 1560 970 1602 mutaret,
1003 1553 1211 1611 opinor.”

300 1719 343 1748 v.
370 1705 414 1747 2.
458 1696 559 1760 μετ’
588 1694 730 1760 ἀρήϊον
757 1695 1096 1762 Ἀμφιτρύωνα,
1138 1714 1282 1747 secuta
1322 1710 1520 1748 martium
1561 1706 1740 1764 Amphi-

238 1789 450 1837 tryonem,
491 1787 544 1822 ut
574 1787 691 1821 recte
727 1778 941 1832 Clericus;
985 1794 1089 1822 cum
1123 1795 1180 1823 ex
1213 1780 1582 1840 interpretatione
1609 1782 1739 1828 Basil.

237 1856 375 1899 altera
404 1854 797 1914 typographicam,
831 1862 882 1896 ut
912 1855 1102 1908 videtur,
1135 1856 1299 1900 vitium
1328 1867 1470 1900 secuta
1497 1863 1738 1901 maritum

237 1930 585 1989 Amphitryonem
618 1943 698 1987 per
723 1929 912 1995 nimiam
941 1930 1187 1973 socordiam
1218 1931 1548 1986 Commelinus‚
1581 1933 1735 1986 Pasor,

237 2006 443 2050 Heinsius
485 2012 529 2048 et
572 2003 801 2048 Graeviuss
833 2006 1138 2064 1’ecepissent.*
1185 2006 1371 2051 Pessime
1415 2007 1737 2055 Wintertonus

237 2082 374 2126 vertit
404 2080 466 2123 ad
490 2080 727 2123 bellicosum
745 2080 1106 2139 Amphitryonem.
1147 2082 1231 2126 Sed
1246 2074 1426 2126 &ecatus
1448 2084 1529 2128 ille
1550 2085 1734 2129 Tzetzeu

236 2164 281 2199 et
309 2156 556 2200 Diaconum
587 2149 709 2212 μετὰ
739 2170 819 2214 per
849 2148 924 2199 ἐπ’)
955 2165 1238 2216 exponentes.
1315 2157 1500 2203 Confert
1535 2159 1738 2207 Wolfius

236 2231 292 2278 11.
321 2231 375 2276 K.
413 2233 495 2275 149
525 2223 592 2288 βῆ
621 2222 669 2276 δὲ
696 2227 797 2287 μετ’
830 2227 1003 2280 αὐτούς.
1731 2249 1734 2253 ’

295 2398 338 2428 v.
367 2385 409 2427 8.
451 2377 697 2439 Aaou-dou,
729 2383 909 2443 populos
941 2383 1010 2444 (ad
1042 2382 1256 2443 pugnam)
1290 2390 1454 2428 cientis.
1503 2386 1582 2430 Est
1611 2386 1734 2430 enim

234 2459 284 2502 in
319 2458 403 2503 hoc
441 2458 672 2511 vocabulo,
717 2468 766 2504 ut
803 2458 922 2504 iufra
966 2475 1006 2504 v.
1049 2463 1103 2503 54
1141 2461 1189 2504 iu
1231 2452 1488 2518 §opaco-ou,
1519 2461 1735 2520 posterior

233 2549 336 2592 pars
375 2551 398 2578 a
438 2527 547 2589 c6w,
576 2542 718 2594 agito,
741 2541 923 2589 concito,
953 2535 1072 2579 unde
1099 2536 1215 2594 apud
1245 2535 1428 2583 Gallim.
1453 2537 1509 2581 H.
1533 2539 1582 2580 in
1610 2524 1733 2581 laud.

233 2610 344 2654 Pan.
389 2626 429 2656 v.
476 2612 532 2656 54
573 2603 760 2666 σοῦσθε,
804 2620 960 2654 movete
998 2626 1090 2664 vos,
1119 2617 1247 2670 agito.
1311 2612 1443 2658 Conf.
1493 2613 1637 2672 Heyn.
1678 2613 1730 2656 ad

229 2686 284 2730 11.
317 2684 371 2730 N.
407 2688 505 2732 128.
618 2680 621 2685 ’

299 2754 635 2821 Ἠλεκτρύωνος]
669 2762 801 2808 Coit-o
825 2775 883 2806 υω
913 2763 961 2806 in
990 2763 1073 2807 hoc
1104 2764 1287 2809 nomine
1315 2764 1651 2823 pronunciando
1682 2764 1729 2807 in
