1748 3224
602 194 641 224 1u
674 193 840 226 nnsmm
869 194 1048 227 scvrvnt.
1542 180 1573 229 7

52 310 163 354 eius
186 309 329 352 Deum
361 316 568 353 taureum
593 310 855 368 Neptunum
883 325 1137 355 memorans
1166 327 1209 355 v.
1240 313 1328 356 205
1349 326 1452 370 seq„
1471 320 1571 355 tum

55 384 213 428 <forma
245 384 378 442 plane
408 384 611 427 Boeotica
642 386 736 428 sive
766 387 946 430 Aeolica
978 381 1119 446 λαγός
1150 401 1192 431 v-
1226 387 1329 432 802.

58 480 61 483 ⁴
124 454 364 503 Auctorem
392 446 559 517 ’Ἔργων
598 459 653 502 ab
683 458 807 503 Souti
839 461 1032 505 Auctore
1066 477 1157 504 non
1188 462 1416 507 diversum
1450 462 1569 506 haud

19 532 22 590 f
50 534 159 578 tsine
189 534 285 576 veri
315 534 458 592 specie
487 533 573 576 tibi
604 532 823 578 informes
853 536 985 588 hinc,
1017 537 1136 594 quod
1166 537 1216 580 in
1241 536 1367 580 scuti
1389 551 1461 581 W.
1484 540 1570 583 393

18 612 20 620 ⁴
48 624 175 667 -seqq.
211 623 386 667 pugnae
416 609 535 652 inter
561 608 798 652 Herculem
825 618 870 652 et
895 609 1103 668 Cycnum
1130 620 1272 669 gestae
1297 610 1473 671 tenipus
1497 615 1571 656 de-

16 718 17 721 *
52 685 262 747 signatur
289 699 371 743 per
400 684 541 736 illud,
578 685 694 741 quod
733 685 783 728 in
811 699 860 728 re
888 686 1054 728 metica
1087 694 1207 729 certo
1235 688 1344 730 anni
1370 696 1570 747 tempore

12 751 15 813 f
55 760 294 818 contingit.
346 760 508 803 Levius
535 767 621 812 est,
655 761 726 803 sed
766 762 916 805 tamen
944 762 1419 816 animadvertendum,
1449 767 1567 822 quod

10 863 11 882 2
57 835 108 877 in
147 843 335 892 utroque
374 835 576 878 carmine
612 819 758 878 certus
797 836 981 894 quidam
1027 835 1159 880 famis
1195 838 1372 882 effectus
1412 842 1568 898 poetae

30 954 33 957 ,
57 909 200 953 menti
228 909 289 952 sic
319 909 572 952 obversatus
598 917 682 962 est,
725 919 777 953 ut
814 911 984 955 eximie
1010 919 1167 954 notatu
1191 914 1352 971 dignus
1374 914 1414 957 ei
1441 915 1564 958 vide-

5 1005 7 1024 s
57 992 196 1028 retur.
257 984 372 1029 Vide
391 972 518 1042 '‘Epy.
554 1000 598 1029 v.
631 985 742 1038 497,
785 984 853 1030 Sc.
888 1002 930 1030 V.
965 989 1050 1031 266
1081 1002 1168 1045 seq.

117 1059 318 1103 Eundem
347 1058 471 1103 Scuti
504 1067 549 1101 et
571 1059 855 1118 Theogoniae
876 1062 1114 1105 Auctorem
1144 1062 1359 1106 similiter
1381 1064 1564 1122 colligas

55 1151 80 1180 e
120 1135 488 1194 respondentibus
528 1151 641 1194 pene
681 1138 732 1180 ad
778 1138 966 1182 verbum
1006 1138 1091 1182 sibi
1130 1139 1327 1182 invicem
1367 1139 1565 1182 versibus

56 1212 223 1270 Theog.
258 1213 343 1254 530
372 1225 475 1268 seq..
509 1210 578 1255 Sc.
611 1213 694 1254 103
713 1227 817 1270 seq.;
850 1214 1054 1266 Th.954,
1084 1213 1153 1259 Sc.
1171 1215 1435 1272 283Theog.
1459 1216 1561 1267 951,

7 1281 21 1292 ’
53 1286 122 1331 So.
151 1287 208 1331 94
236 1294 279 1329 et
310 1287 413 1337 127,
446 1293 499 1328 ut
528 1293 646 1329 recte
676 1287 766 1330 iam
799 1288 1081 1332 observatum
1113 1289 1168 1332 ab
1191 1289 1368 1333 Rankio
1389 1305 1433 1349 p.
1457 1292 1560 1334 358.

113 1363 315 1414 Accedit,
354 1362 473 1421 quod
509 1361 619 1404 item
657 1362 766 1405 scite
799 1363 1083 1406 observatum
1117 1364 1171 1408 ab
1197 1365 1350 1408 eodem
1379 1380 1424 1422 p.
1450 1366 1559 1418 3⁵5,

52 1437 266 1481 vocabula
291 1439 445 1496 plura,
474 1455 586 1498 quae
613 1439 662 1482 in
685 1438 878 1481 Homero
904 1454 996 1481 non
1023 1446 1223 1491 exstent,
1256 1439 1306 1482 in
1336 1438 1562 1483 Hesiodeis

49 1521 200 1557 autem
222 1501 397 1573 Ἔργοις
423 1523 466 1558 et
498 1514 754 1572 Theogonis
781 1514 982 1572 vulgaria
1011 1514 1105 1557 sint
1138 1513 1362 1572 (videatur
1392 1514 1557 1558 horum

47 1603 248 1632 recensus
277 1591 393 1647 apud
427 1605 530 1633 eum
561 1590 605 1634 d.
639 1590 718 1646 l.),
750 1590 911 1647 passim
943 1589 994 1631 in
1016 1588 1149 1632 Scuto
1179 1604 1420 1635 recurrere.

107 1663 223 1707 Haeo
252 1679 356 1708 cum
387 1674 571 1725 reputo,
605 1666 796 1708 minime
827 1664 1035 1711 omnium
1066 1664 1312 1723 probabilis
1341 1667 1459 1709 mihi
1486 1667 1555 1709 vi·

47 1739 180 1782 detur
213 1738 479 1799 Goettlingii
509 1740 562 1784 ad
587 1738 656 1784 Sc.
685 1756 727 1784 v.
756 1740 841 1782 217
869 1738 987 1782 edita
1010 1741 1254 1793 sententia,
1277 1728 1556 1799 probabilior

45 1814 129 1860 illa
167 1815 333 1859 Rankii
374 1803 420 1858 et
458 1814 848 1864 Marckschcffelii‚
891 1812 1176 1872 praeferenda
1223 1830 1397 1872 quoque
1450 1817 1554 1860 haec

45 1890 87 1934 ei
111 1906 240 1948 quae,
268 1890 322 1932 ab
339 1889 560 1949 Scaligero
588 1890 791 1948 primum
819 1897 939 1941 orta,
970 1888 1077 1931 hinc
1100 1897 1199 1931 tum
1223 1890 1325 1932 aliis
1350 1899 1448 1934 tum
1472 1907 1554 1934 uo-

45 1966 225 2011 vissime
261 1966 525 2010 Heinrichio
567 1966 751 2024 placuit.
814 1963 897 2008 Sed
929 1980 1033 2007 cum
1065 1972 1156 2007 tota
1187 1964 1280 2008 fere
1311 1967 1553 2024 antiquitas

42 2041 105 2085 ita
131 2041 179 2084 in
204 2042 473 2099 agnoscendo
502 2040 626 2086 Scuti
656 2041 848 2084 Auctore
877 2040 1064 2084 Hesiodo
1089 2041 1384 2092 consenserit,
1418 2050 1551 2086 utxex

41 2132 90 2161 ea
118 2117 272 2175 pauci,
301 2117 380 2175 qui
408 2117 715 2168 dissenserint,
747 2117 868 2159 intra
898 2115 1196 2174 suspicionem
1229 2131 1278 2159 ac
1306 2117 1550 2160 dubitatio·

41 2206 145 2236 nem
182 2191 427 2236 substitisse
457 2200 784 2244 memorentur,
827 2200 936 2250 puto
969 2192 1173 2249 equidem
1210 2192 1338 2235 nobis
1375 2208 1550 2252 quoque

39 2283 133 2311 non
169 2283 255 2311 esse
285 2269 615 2325 procedendum
652 2267 856 2311 ulterius.
910 2267 1121 2311 Nondum
1146 2280 1405 2325 persuasum
1429 2268 1547 2312 mihi

38 2343 116 2396 fit,
159 2345 262 2402 plus
300 2343 593 2386 tribuendum
631 2357 718 2386 esse
754 2342 920 2386 iudicio
950 2342 1118 2388 Wolfii
1144 2342 1194 2386 in
1219 2342 1458 2388 Animadv.
1491 2344 1545 2388 ad

38 2417 226 2463 Scutum
257 2419 372 2478 apud
404 2419 632 2463 Rankium
666 2434 710 2477 p.
737 2420 807 2470 72,
839 2418 1094 2476 profitentis
1128 2418 1214 2461 sibi
1244 2419 1294 2461 in
1322 2420 1408 2461 isto
1435 2421 1545 2478 poe-

38 2494 178 2538 matio
205 2510 435 2552 nunquam
465 2495 702 2553 quicquam
729 2495 892 2538 coloris
919 2508 1020 2537 vere
1048 2494 1249 2537 Hesiodei
1274 2495 1541 2548 suboluisse,

36 2584 171 2627 quam
187 2569 422 2628 Apollonii
436 2570 626 2623 Rhodii,
658 2573 817 2628 poema
843 2570 1108 2614 Hesiodeum
1133 2586 1221 2614 esse
1251 2562 1302 2613 ὲκ
1335 2569 1414 2613 τοῦ
1445 2582 1546 2630 χα-

37 2641 243 2704 ρακτῆρος
281 2648 529 2692 statuentis.
593 2647 715 2706 Quae
753 2647 875 2691 Viris
913 2648 1063 2691 Doctis
1113 2648 1163 2690 iu
1209 2647 1408 2690 carmine
1449 2648 1541 2691 visa

38 2728 143 2764 sunt
182 2723 497 2775 recentiorem,
552 2738 686 2780 quam
735 2722 937 2775 Hesiodi,
985 2723 1154 2781 spirare
1208 2729 1395 2766 aetatem
1431 2722 1541 2780 (col-
