1748 3224
655 215 965 251 PRAEFATIO.
1449 212 1555 247 XIII

0 332 13 375 5⁴
54 359 108 392 ac
137 337 440 407 deprehendi
467 355 598 401 eum,
626 334 893 404 aliquando
923 335 1111 398 visens,
1138 330 1397 382 Eustathii
1427 349 1558 381 com·-

52 431 324 483 mentarios
352 429 416 480 ad
446 430 730 479 Homerum
759 427 1037 495 legentem,
1067 442 1223 492 quum
1250 422 1378 475 mihi
1405 423 1554 474 confi-

0 543 3 591 ζ
53 529 262 590 teretur,
290 523 380 575 hoc
412 517 614 591 quidem
632 520 1032 571 Valckenariano
1063 518 1209 568 modo
1238 535 1368 567 nunc
1395 516 1557 567 facere

0 661 2 667 .
54 636 106 669 se
140 636 238 668 non
273 635 441 684 posse,
477 633 586 666 sero
610 615 743 664 enim
771 630 893 663 esse.
931 612 1078 662 Haec
1103 615 1274 660 autem
1300 609 1559 661 Eustathii

54 710 364 776 aliorumque
406 708 704 774 scriptorum
736 705 883 756 lectio
918 709 1066 755 eausa
1096 703 1196 754 fuit
1236 702 1559 770 quamobrem

53 802 117 852 ad
162 800 443 852 Hesiodum
488 798 737 850 ‘edendum
778 800 1083 864 apparatum
1124 795 1378 862 copiosum
1423 794 1562 845 colli-

52 898 222 963 geret,
265 875 411 943 cuius*
439 909 588 942 usum
629 890 803 940 multis
847 890 990 940 annis
1033 893 1148 956 post
1193 889 1268 939 ita
1303 888 1561 955 occupavit

56 985 348 1037 Mutzellius
360 1023 374 1050 ,
409 989 468 1034 ut
507 983 762 1050 Lennepio
801 982 1077 1033 industriae
1114 1001 1232 1033 suae
1271 982 1418 1033 laude
1450 1001 1562 1033 con-

0 1061 1 1131 ]
55 1079 243 1130 stiterit
279 1077 540 1130 cunctatio.

123 1170 223 1222 Sed
254 1188 350 1238 quo
386 1175 611 1236 tempore
652 1187 919 1237 aggressus
956 1174 1033 1219 est
1062 1168 1126 1218 ad
1154 1168 1312 1219 officia
1340 1168 1562 1218 muneris

0 1255 4 1265 ’
55 1262 365 1331 professorii,
399 1261 491 1313 hoc
522 1262 788 1328 praecipue
826 1260 1022 1310 videtur
1060 1260 1331 1315 meditatus
1367 1279 1473 1311 esse
1504 1266 1564 1311 ut

0 1400 7 1418 ,Α
56 1355 306 1406 doetrinae
338 1354 759 1405 existimationem
797 1358 849 1403 et
880 1352 1101 1403 fructum
1131 1353 1313 1403 civium
1342 1352 1562 1404 moribus

0 1434 6 1517 ζ
57 1455 108 1500 et
142 1448 390 1500 voluntati
420 1447 834 1512 accommodaret3
871 1465 959 1497 nec
983 1466 1210 1498 successu
1234 1449 1394 1498 caruit
1405 1438 1430 1496 τ’
1456 1453 1565 1498 erat

0 1524 2 1540 ζ
58 1541 244 1610 quippe
269 1540 554 1607 Lennepius
585 1539 872 1606 exemplum
901 1539 1248 1604 humanitatis,
1271 1539 1564 1605 honestatis,

59 1635 362 1704 elegantiae,
395 1633 718 1698 urbanitatis,
766 1632 921 1683 nobili
947 1651 1129 1701 genere
1164 1639 1336 1698 natus,
1371 1634 1424 1684 in
1457 1634 1566 1684 lau-

0 1724 1 1728 *
61 1728 256 1778 tissima
281 1745 335 1778 re
365 1727 559 1791 vivens,
594 1726 870 1776 multorum
897 1725 1267 1776 familiaritates
1294 1745 1566 1793 usurpans,

61 1820 241 1889 quibus
279 1819 475 1870 honesti
514 1818 706 1886 aliquid
748 1817 1095 1886 flagitantibus
1139 1837 1251 1868 raro
1293 1818 1566 1883 abnuebat3

59 1915 174 1965 hinc
203 1913 546 1964 sodalitiorum
574 1918 626 1962 et
646 1918 975 1963 conventuum
998 1913 1274 1979 particeps,
1303 1913 1355 1962 in
1387 1913 1567 1981 quibus

0 2003 4 2014 f
62 2014 172 2060 tum
200 2006 466 2059 recitandis
491 2006 795 2057 orationibus
820 2006 1060 2073 doctaque
1084 2005 1407 2056 collocutione
1435 2006 1568 2056 oble-

61 2102 212 2153 ctatio
248 2101 601 2169 quaerebatur,
637 2105 747 2149 tum
782 2099 842 2149 de
870 2099 1017 2149 rebus
1047 2099 1238 2149 civitati
1266 2099 1569 2150 salutaribus
1600 2144 1603 2145 γ

65 2212 313 2245 sermones
349 2193 755 2244 instituebantur.

134 2287 394 2351 Laudandi
418 2286 963 2350 Amstelaedamenses‚
996 2287 1082 2353 qui
1108 2292 1278 2337 tantae
1306 2289 1572 2338 auctorita-

66 2381 132 2430 tis
163 2379 325 2430 virum
359 2379 422 2430 ad
443 2379 644 2446 publica
672 2379 928 2429 commoda
952 2379 1138 2429 tuenda
1163 2380 1434 2430 traherent.
1473 2379 1571 2430 Sed

0 2459 14 2539 ἲ
71 2473 355 2539 Lennepius
394 2473 496 2523 iam
522 2478 639 2523 tunc
675 2472 873 2539 lougius
910 2471 1187 2538 spectabat,
1223 2472 1571 2540 cogitabatque

15 2606 17 2608 .
71 2584 180 2615 eam
227 2564 556 2615 eruditionem
592 2565 841 2615 iuventuti
882 2583 943 2614 ex
981 2565 1160 2615 scholis
1200 2565 1413 2631 publicis
1447 2566 1570 2615 hau-

71 2658 317 2723 riendam,
354 2677 479 2725 quae
522 2677 619 2708 non
661 2659 978 2725 antiquitatis
1007 2659 1237 2708 terminis
1271 2664 1360 2708 aut
1391 2660 1573 2722 severis

73 2751 406 2801 doctrinarum
441 2750 670 2801 formulis
712 2757 843 2802 esset
883 2751 1282 2818 circumscripta,
1326 2751 1413 2802 sed
1451 2752 1575 2801 libe-

0 2881 7 2914 3
75 2844 179 2893 rius
226 2850 514 2911 vagaretur,
563 2863 616 2894 ac
663 2845 866 2909 civium,
917 2846 1003 2912 qui
1051 2844 1252 2911 quidem
1299 2845 1575 2895 liberaliter

1655 0 1748 136 Χ
