<?xml version="1.0" encoding="UTF-8"?>
<!DOCTYPE html PUBLIC "-//W3C//DTD XHTML 1.0 Transitional//EN"
    "http://www.w3.org/TR/xhtml1/DTD/xhtml1-transitional.dtd">
<html xmlns="http://www.w3.org/1999/xhtml" xml:lang="en" lang="en">
 <head>
  <title>
</title>
<meta http-equiv="Content-Type" content="text/html;charset=utf-8" />
  <meta name='ocr-system' content='tesseract 3.04.00' />
  <meta name='ocr-capabilities' content='ocr_page ocr_carea ocr_par ocr_line ocrx_word'/>
</head>
<body>
  <div class='ocr_page' id='page_1' title='image "./scutumherculisli00hesiuoft_0019.png"; bbox 0 0 1748 3224; ppageno 0'>
   <div class='ocr_carea' id='block_1_1' title="bbox 0 0 42 683">
    <p class='ocr_par' dir='ltr' id='par_1_1' title="bbox 0 0 42 683">
     <span class='ocr_line' id='line_1_1' title="bbox 0 0 42 683; baseline 0 2541"><span class='ocrx_word' id='word_1_1' title='bbox 0 0 42 683; x_wconf 95' lang='lat' dir='ltr'> </span> 
     </span>
    </p>
   </div>
   <div class='ocr_carea' id='block_1_2' title="bbox 666 210 1574 247">
    <p class='ocr_par' dir='ltr' id='par_1_2' title="bbox 666 210 1574 247">
     <span class='ocr_line' id='line_1_2' title="bbox 666 210 1574 247; baseline 0.001 -1"><span class='ocrx_word' id='word_1_2' title='bbox 666 210 973 246; x_wconf 77' lang='lat' dir='ltr'><strong>PRAEFATIO.</strong></span> <span class='ocrx_word' id='word_1_3' title='bbox 1502 213 1574 247; x_wconf 82' lang='lat' dir='ltr'>XV</span> 
     </span>
    </p>
   </div>
   <div class='ocr_carea' id='block_1_3' title="bbox 0 306 1574 2067">
    <p class='ocr_par' dir='ltr' id='par_1_3' title="bbox 0 306 1574 1701">
     <span class='ocr_line' id='line_1_3' title="bbox 8 306 1574 397; baseline -0.001 -17"><span class='ocrx_word' id='word_1_4' title='bbox 8 306 29 342; x_wconf 17' lang='grc' dir='ltr'>Μ</span> <span class='ocrx_word' id='word_1_5' title='bbox 74 335 234 396; x_wconf 71' lang='lat' dir='ltr'>verat,</span> <span class='ocrx_word' id='word_1_6' title='bbox 270 330 440 397; x_wconf 89' lang='lat' dir='ltr'>itaque</span> <span class='ocrx_word' id='word_1_7' title='bbox 469 347 566 380; x_wconf 89' lang='lat' dir='ltr'>non</span> <span class='ocrx_word' id='word_1_8' title='bbox 594 334 791 380; x_wconf 88' lang='lat' dir='ltr'>tantum</span> <span class='ocrx_word' id='word_1_9' title='bbox 822 329 1020 396; x_wconf 90' lang='lat' dir='ltr'>publico</span> <span class='ocrx_word' id='word_1_10' title='bbox 1050 328 1178 397; x_wconf 83' lang='lat' dir='ltr'>legis</span> <span class='ocrx_word' id='word_1_11' title='bbox 1206 328 1441 379; x_wconf 86' lang='lat' dir='ltr'>mandato</span> <span class='ocrx_word' id='word_1_12' title='bbox 1471 347 1574 380; x_wconf 88' lang='lat' dir='ltr'>ser-</span> 
     </span>
     <span class='ocr_line' id='line_1_4' title="bbox 71 422 1572 490; baseline -0.001 -17"><span class='ocrx_word' id='word_1_13' title='bbox 71 422 258 489; x_wconf 88' lang='lat' dir='ltr'>viebat,</span> <span class='ocrx_word' id='word_1_14' title='bbox 300 422 386 473; x_wconf 89' lang='lat' dir='ltr'>sed</span> <span class='ocrx_word' id='word_1_15' title='bbox 421 424 463 473; x_wconf 90' lang='lat' dir='ltr'>si</span> <span class='ocrx_word' id='word_1_16' title='bbox 498 441 648 490; x_wconf 92' lang='lat' dir='ltr'>quem</span> <span class='ocrx_word' id='word_1_17' title='bbox 678 422 917 473; x_wconf 89' lang='lat' dir='ltr'>eximium</span> <span class='ocrx_word' id='word_1_18' title='bbox 941 423 1172 473; x_wconf 88' lang='lat' dir='ltr'>iuvenem</span> <span class='ocrx_word' id='word_1_19' title='bbox 1208 427 1380 473; x_wconf 83' lang='lat' dir='ltr'>nactus</span> <span class='ocrx_word' id='word_1_20' title='bbox 1417 430 1572 487; x_wconf 88' lang='lat' dir='ltr'>esset,</span> 
     </span>
     <span class='ocr_line' id='line_1_5' title="bbox 16 514 1570 585; baseline 0 -19"><span class='ocrx_word' id='word_1_21' title='bbox 16 566 19 585; x_wconf 31' lang='lat'>2</span> <span class='ocrx_word' id='word_1_22' title='bbox 70 515 200 566; x_wconf 89' lang='lat' dir='ltr'>hunc</span> <span class='ocrx_word' id='word_1_23' title='bbox 227 515 445 566; x_wconf 87' lang='lat' dir='ltr'>stimulis</span> <span class='ocrx_word' id='word_1_24' title='bbox 469 515 651 566; x_wconf 81' lang='lat' dir='ltr'>additis</span> <span class='ocrx_word' id='word_1_25' title='bbox 674 515 914 581; x_wconf 86' lang='lat' dir='ltr'>privatim</span> <span class='ocrx_word' id='word_1_26' title='bbox 944 515 1225 581; x_wconf 79' lang='lat' dir='ltr'>praeceptis</span> <span class='ocrx_word' id='word_1_27' title='bbox 1254 514 1570 566; x_wconf 80' lang='lat' dir='ltr'><strong>informabat.</strong></span> 
     </span>
     <span class='ocr_line' id='line_1_6' title="bbox 16 598 1570 675; baseline 0.001 -18"><span class='ocrx_word' id='word_1_28' title='bbox 16 598 20 607; x_wconf 41' lang='lat'><strong><em>¹</em></strong></span> <span class='ocrx_word' id='word_1_29' title='bbox 132 607 367 675; x_wconf 79' lang='lat' dir='ltr'><strong>Apparet</strong></span> <span class='ocrx_word' id='word_1_30' title='bbox 399 613 566 658; x_wconf 93' lang='lat' dir='ltr'>mente</span> <span class='ocrx_word' id='word_1_31' title='bbox 603 607 916 674; x_wconf 88' lang='lat' dir='ltr'>Lennepium</span> <span class='ocrx_word' id='word_1_32' title='bbox 951 606 1299 658; x_wconf 79' lang='lat' dir='ltr'><strong>adumbratam</strong></span> <span class='ocrx_word' id='word_1_33' title='bbox 1338 606 1570 658; x_wconf 87' lang='lat' dir='ltr'>habuisse</span> 
     </span>
     <span class='ocr_line' id='line_1_7' title="bbox 0 686 1569 769; baseline 0 -18"><span class='ocrx_word' id='word_1_34' title='bbox 0 686 1 710; x_wconf 25' lang='grc'>1</span> <span class='ocrx_word' id='word_1_35' title='bbox 65 699 358 766; x_wconf 85' lang='lat' dir='ltr'>professoris</span> <span class='ocrx_word' id='word_1_36' title='bbox 404 701 676 769; x_wconf 75' lang='lat' dir='ltr'>imag-inem</span> <span class='ocrx_word' id='word_1_37' title='bbox 739 700 920 750; x_wconf 78' lang='lat' dir='ltr'>eximie</span> <span class='ocrx_word' id='word_1_38' title='bbox 977 700 1064 750; x_wconf 87' lang='lat' dir='ltr'>isti</span> <span class='ocrx_word' id='word_1_39' title='bbox 1119 701 1316 751; x_wconf 89' lang='lat' dir='ltr'>muneri</span> <span class='ocrx_word' id='word_1_40' title='bbox 1372 699 1569 751; x_wconf 89' lang='lat' dir='ltr'>satisfa-</span> 
     </span>
     <span class='ocr_line' id='line_1_8' title="bbox 65 793 1570 862; baseline 0.001 -20"><span class='ocrx_word' id='word_1_41' title='bbox 65 793 298 859; x_wconf 90' lang='lat' dir='ltr'>cientem,</span> <span class='ocrx_word' id='word_1_42' title='bbox 328 812 537 862; x_wconf 84' lang='lat' dir='ltr'>eamque</span> <span class='ocrx_word' id='word_1_43' title='bbox 572 812 661 844; x_wconf 89' lang='lat' dir='ltr'>suo</span> <span class='ocrx_word' id='word_1_44' title='bbox 699 794 859 860; x_wconf 89' lang='lat' dir='ltr'>ipsius</span> <span class='ocrx_word' id='word_1_45' title='bbox 898 793 1128 859; x_wconf 89' lang='lat' dir='ltr'>exemplo</span> <span class='ocrx_word' id='word_1_46' title='bbox 1157 810 1308 860; x_wconf 90' lang='lat' dir='ltr'>quam</span> <span class='ocrx_word' id='word_1_47' title='bbox 1343 794 1570 860; x_wconf 86' lang='lat' dir='ltr'>proxime</span> 
     </span>
     <span class='ocr_line' id='line_1_9' title="bbox 66 886 1569 954; baseline 0.002 -19"><span class='ocrx_word' id='word_1_48' title='bbox 66 887 388 953; x_wconf 77' lang='lat' dir='ltr'>expressisse:</span> <span class='ocrx_word' id='word_1_49' title='bbox 436 887 565 937; x_wconf 89' lang='lat' dir='ltr'>unde</span> <span class='ocrx_word' id='word_1_50' title='bbox 600 886 828 954; x_wconf 81' lang='lat' dir='ltr'>plerique</span> <span class='ocrx_word' id='word_1_51' title='bbox 863 887 958 936; x_wconf 86' lang='lat' dir='ltr'>viri</span> <span class='ocrx_word' id='word_1_52' title='bbox 1005 905 1066 936; x_wconf 89' lang='lat' dir='ltr'>ex</span> <span class='ocrx_word' id='word_1_53' title='bbox 1106 887 1213 936; x_wconf 91' lang='lat' dir='ltr'>eius</span> <span class='ocrx_word' id='word_1_54' title='bbox 1248 886 1416 937; x_wconf 90' lang='lat' dir='ltr'>schola</span> <span class='ocrx_word' id='word_1_55' title='bbox 1455 886 1569 953; x_wconf 79' lang='lat' dir='ltr'>pro-</span> 
     </span>
     <span class='ocr_line' id='line_1_10' title="bbox 64 978 1573 1048; baseline 0.001 -19"><span class='ocrx_word' id='word_1_56' title='bbox 64 978 290 1045; x_wconf 86' lang='lat' dir='ltr'>dierunt,</span> <span class='ocrx_word' id='word_1_57' title='bbox 320 981 407 1048; x_wconf 90' lang='lat' dir='ltr'>qui</span> <span class='ocrx_word' id='word_1_58' title='bbox 441 980 546 1032; x_wconf 85' lang='lat' dir='ltr'>veri</span> <span class='ocrx_word' id='word_1_59' title='bbox 576 980 837 1048; x_wconf 89' lang='lat' dir='ltr'>pulcrique</span> <span class='ocrx_word' id='word_1_60' title='bbox 866 981 1200 1030; x_wconf 90' lang='lat' dir='ltr'>instrumenta</span> <span class='ocrx_word' id='word_1_61' title='bbox 1223 980 1287 1031; x_wconf 89' lang='lat' dir='ltr'>ad</span> <span class='ocrx_word' id='word_1_62' title='bbox 1311 999 1402 1031; x_wconf 89' lang='lat' dir='ltr'>sua</span> <span class='ocrx_word' id='word_1_63' title='bbox 1436 981 1573 1048; x_wconf 90' lang='lat' dir='ltr'>quis-</span> 
     </span>
     <span class='ocr_line' id='line_1_11' title="bbox 4 1073 1571 1143; baseline 0.001 -20"><span class='ocrx_word' id='word_1_64' title='bbox 4 1094 18 1143; x_wconf 62' lang='lat'>[</span> <span class='ocrx_word' id='word_1_65' title='bbox 64 1091 160 1140; x_wconf 91' lang='lat' dir='ltr'>que</span> <span class='ocrx_word' id='word_1_66' title='bbox 195 1073 446 1124; x_wconf 90' lang='lat' dir='ltr'>doctrinae</span> <span class='ocrx_word' id='word_1_67' title='bbox 473 1073 639 1125; x_wconf 91' lang='lat' dir='ltr'>studia</span> <span class='ocrx_word' id='word_1_68' title='bbox 669 1074 887 1125; x_wconf 90' lang='lat' dir='ltr'>ornanda</span> <span class='ocrx_word' id='word_1_69' title='bbox 914 1074 1246 1125; x_wconf 88' lang='lat' dir='ltr'>contulerunt.</span> <span class='ocrx_word' id='word_1_70' title='bbox 1302 1074 1571 1124; x_wconf 88' lang='lat' dir='ltr'>Enimvero</span> 
     </span>
     <span class='ocr_line' id='line_1_12' title="bbox 62 1165 1571 1234; baseline 0.002 -18.887"><span class='ocrx_word' id='word_1_71' title='bbox 62 1165 199 1216; x_wconf 87' lang='lat' dir='ltr'>haud</span> <span class='ocrx_word' id='word_1_72' title='bbox 245 1167 395 1217; x_wconf 91' lang='lat' dir='ltr'>multi</span> <span class='ocrx_word' id='word_1_73' title='bbox 447 1167 784 1234; x_wconf 80' lang='lat' dir='ltr'>reperientur,</span> <span class='ocrx_word' id='word_1_74' title='bbox 836 1168 923 1234; x_wconf 92' lang='lat' dir='ltr'>qui</span> <span class='ocrx_word' id='word_1_75' title='bbox 975 1167 1038 1217; x_wconf 89' lang='lat' dir='ltr'>ad</span> <span class='ocrx_word' id='word_1_76' title='bbox 1091 1166 1316 1217; x_wconf 89' lang='lat' dir='ltr'>eamdem</span> <span class='ocrx_word' id='word_1_77' title='bbox 1366 1166 1571 1218; x_wconf 80' lang='lat' dir='ltr'>docendi</span> 
     </span>
     <span class='ocr_line' id='line_1_13' title="bbox 6 1259 1573 1334; baseline 0 -24"><span class='ocrx_word' id='word_1_78' title='bbox 6 1329 7 1334; x_wconf 15' lang='grc'>1</span> <span class='ocrx_word' id='word_1_79' title='bbox 63 1260 309 1310; x_wconf 90' lang='lat' dir='ltr'>rationem</span> <span class='ocrx_word' id='word_1_80' title='bbox 344 1260 406 1310; x_wconf 91' lang='lat' dir='ltr'>iis</span> <span class='ocrx_word' id='word_1_81' title='bbox 441 1259 765 1310; x_wconf 83' lang='lat' dir='ltr'>facultatibus</span> <span class='ocrx_word' id='word_1_82' title='bbox 802 1260 979 1325; x_wconf 90' lang='lat' dir='ltr'>animi,</span> <span class='ocrx_word' id='word_1_83' title='bbox 1004 1260 1217 1328; x_wconf 85' lang='lat' dir='ltr'>ingenii,</span> <span class='ocrx_word' id='word_1_84' title='bbox 1242 1260 1471 1311; x_wconf 85' lang='lat' dir='ltr'>fortunae</span> <span class='ocrx_word' id='word_1_85' title='bbox 1495 1261 1573 1310; x_wconf 91' lang='lat' dir='ltr'>in-</span> 
     </span>
     <span class='ocr_line' id='line_1_14' title="bbox 61 1352 1572 1420; baseline 0 -17"><span class='ocrx_word' id='word_1_86' title='bbox 61 1353 239 1403; x_wconf 79' lang='lat' dir='ltr'>structi</span> <span class='ocrx_word' id='word_1_87' title='bbox 270 1352 393 1417; x_wconf 86' lang='lat' dir='ltr'>sint,</span> <span class='ocrx_word' id='word_1_88' title='bbox 417 1370 544 1420; x_wconf 91' lang='lat' dir='ltr'>quae</span> <span class='ocrx_word' id='word_1_89' title='bbox 574 1353 627 1402; x_wconf 93' lang='lat' dir='ltr'>in</span> <span class='ocrx_word' id='word_1_90' title='bbox 653 1352 908 1419; x_wconf 90' lang='lat' dir='ltr'>Lennepio</span> <span class='ocrx_word' id='word_1_91' title='bbox 940 1356 1080 1402; x_wconf 91' lang='lat' dir='ltr'>tanto</span> <span class='ocrx_word' id='word_1_92' title='bbox 1111 1370 1353 1402; x_wconf 88' lang='lat' dir='ltr'>consensu</span> <span class='ocrx_word' id='word_1_93' title='bbox 1377 1355 1572 1420; x_wconf 90' lang='lat' dir='ltr'>conspi-</span> 
     </span>
     <span class='ocr_line' id='line_1_15' title="bbox 0 1444 1569 1513; baseline -0.001 -16"><span class='ocrx_word' id='word_1_94' title='bbox 0 1456 5 1463; x_wconf 84' lang='lat'><em>&#39;</em></span> <span class='ocrx_word' id='word_1_95' title='bbox 61 1450 297 1497; x_wconf 90' lang='lat' dir='ltr'>raverunt</span> <span class='ocrx_word' id='word_1_96' title='bbox 310 1484 324 1510; x_wconf 96' lang='lat'>,</span> <span class='ocrx_word' id='word_1_97' title='bbox 358 1451 418 1495; x_wconf 90' lang='lat' dir='ltr'>ut</span> <span class='ocrx_word' id='word_1_98' title='bbox 458 1444 610 1495; x_wconf 90' lang='lat' dir='ltr'>simul</span> <span class='ocrx_word' id='word_1_99' title='bbox 644 1445 805 1495; x_wconf 70' lang='lat' dir='ltr'>varias</span> <span class='ocrx_word' id='word_1_100' title='bbox 839 1450 1010 1511; x_wconf 89' lang='lat' dir='ltr'>partes</span> <span class='ocrx_word' id='word_1_101' title='bbox 1045 1446 1362 1512; x_wconf 85' lang='lat' dir='ltr'>antiquitatis</span> <span class='ocrx_word' id='word_1_102' title='bbox 1398 1447 1569 1513; x_wconf 88' lang='lat' dir='ltr'>explo-</span> 
     </span>
     <span class='ocr_line' id='line_1_16' title="bbox 0 1538 1569 1607; baseline -0.001 -16"><span class='ocrx_word' id='word_1_103' title='bbox 0 1538 7 1566; x_wconf 43' lang='grc' dir='ltr'><em>ζ</em></span> <span class='ocrx_word' id='word_1_104' title='bbox 60 1540 268 1606; x_wconf 87' lang='lat' dir='ltr'>raverit,</span> <span class='ocrx_word' id='word_1_105' title='bbox 302 1539 599 1607; x_wconf 90' lang='lat' dir='ltr'>easdemque</span> <span class='ocrx_word' id='word_1_106' title='bbox 635 1538 783 1589; x_wconf 88' lang='lat' dir='ltr'>editis</span> <span class='ocrx_word' id='word_1_107' title='bbox 814 1539 1013 1606; x_wconf 87' lang='lat' dir='ltr'>scriptis</span> <span class='ocrx_word' id='word_1_108' title='bbox 1047 1539 1347 1589; x_wconf 84' lang='lat' dir='ltr'>illustrando</span> <span class='ocrx_word' id='word_1_109' title='bbox 1371 1541 1569 1590; x_wconf 91' lang='lat' dir='ltr'>nomine</span> 
     </span>
     <span class='ocr_line' id='line_1_17' title="bbox 60 1631 884 1701; baseline 0 -21"><span class='ocrx_word' id='word_1_110' title='bbox 60 1633 111 1682; x_wconf 89' lang='lat' dir='ltr'>in</span> <span class='ocrx_word' id='word_1_111' title='bbox 136 1631 407 1701; x_wconf 82' lang='lat' dir='ltr'>philologis</span> <span class='ocrx_word' id='word_1_112' title='bbox 434 1631 622 1700; x_wconf 80' lang='lat' dir='ltr'>dignus</span> <span class='ocrx_word' id='word_1_113' title='bbox 657 1632 884 1681; x_wconf 88' lang='lat' dir='ltr'>evaserit.</span> 
     </span>
    </p>

    <p class='ocr_par' dir='ltr' id='par_1_4' title="bbox 0 1724 1571 2067">
     <span class='ocr_line' id='line_1_18' title="bbox 129 1724 1569 1792; baseline 0.001 -18"><span class='ocrx_word' id='word_1_114' title='bbox 129 1724 312 1792; x_wconf 89' lang='lat' dir='ltr'>Itaque</span> <span class='ocrx_word' id='word_1_115' title='bbox 349 1724 459 1774; x_wconf 90' lang='lat' dir='ltr'>fieri</span> <span class='ocrx_word' id='word_1_116' title='bbox 497 1743 594 1774; x_wconf 92' lang='lat' dir='ltr'>non</span> <span class='ocrx_word' id='word_1_117' title='bbox 633 1724 800 1791; x_wconf 89' lang='lat' dir='ltr'>potuit</span> <span class='ocrx_word' id='word_1_118' title='bbox 838 1725 959 1792; x_wconf 93' lang='lat' dir='ltr'>quin</span> <span class='ocrx_word' id='word_1_119' title='bbox 999 1725 1284 1791; x_wconf 90' lang='lat' dir='ltr'>Lennepius</span> <span class='ocrx_word' id='word_1_120' title='bbox 1319 1744 1468 1792; x_wconf 84' lang='lat' dir='ltr'>saepe</span> <span class='ocrx_word' id='word_1_121' title='bbox 1508 1726 1569 1776; x_wconf 88' lang='lat' dir='ltr'>de</span> 
     </span>
     <span class='ocr_line' id='line_1_19' title="bbox 0 1817 1571 1884; baseline 0.001 -17"><span class='ocrx_word' id='word_1_122' title='bbox 0 1843 6 1852; x_wconf 81' lang='lat'><em>·</em></span> <span class='ocrx_word' id='word_1_123' title='bbox 60 1818 162 1868; x_wconf 91' lang='lat' dir='ltr'>otio</span> <span class='ocrx_word' id='word_1_124' title='bbox 198 1835 287 1867; x_wconf 91' lang='lat' dir='ltr'>suo</span> <span class='ocrx_word' id='word_1_125' title='bbox 325 1818 512 1868; x_wconf 86' lang='lat' dir='ltr'>invitus</span> <span class='ocrx_word' id='word_1_126' title='bbox 555 1817 858 1884; x_wconf 84' lang='lat' dir='ltr'>decerpserit</span> <span class='ocrx_word' id='word_1_127' title='bbox 892 1817 1063 1881; x_wconf 86' lang='lat' dir='ltr'>horas,</span> <span class='ocrx_word' id='word_1_128' title='bbox 1103 1835 1227 1884; x_wconf 89' lang='lat' dir='ltr'>quas</span> <span class='ocrx_word' id='word_1_129' title='bbox 1262 1817 1466 1868; x_wconf 87' lang='lat' dir='ltr'>deberet</span> <span class='ocrx_word' id='word_1_130' title='bbox 1499 1818 1571 1868; x_wconf 91' lang='lat' dir='ltr'>le-</span> 
     </span>
     <span class='ocr_line' id='line_1_20' title="bbox 0 1908 1570 1978; baseline -0.001 -16"><span class='ocrx_word' id='word_1_131' title='bbox 0 1933 3 1962; x_wconf 68' lang='grc' dir='ltr'><em>ε</em></span> <span class='ocrx_word' id='word_1_132' title='bbox 60 1909 305 1961; x_wconf 90' lang='lat' dir='ltr'>ctionibus</span> <span class='ocrx_word' id='word_1_133' title='bbox 334 1910 573 1977; x_wconf 88' lang='lat' dir='ltr'>publicis,</span> <span class='ocrx_word' id='word_1_134' title='bbox 608 1915 697 1960; x_wconf 87' lang='lat' dir='ltr'>aut</span> <span class='ocrx_word' id='word_1_135' title='bbox 731 1908 993 1961; x_wconf 85' lang='lat' dir='ltr'>concedere</span> <span class='ocrx_word' id='word_1_136' title='bbox 1030 1915 1294 1978; x_wconf 86' lang='lat' dir='ltr'>cogeretur</span> <span class='ocrx_word' id='word_1_137' title='bbox 1325 1911 1570 1962; x_wconf 88' lang='lat' dir='ltr'>convictui</span> 
     </span>
     <span class='ocr_line' id='line_1_21' title="bbox 0 1998 1567 2067; baseline 0.001 -15"><span class='ocrx_word' id='word_1_138' title='bbox 0 1998 2 2067; x_wconf 32' lang='grc' dir='ltr'><strong><em>ζ</em></strong></span> <span class='ocrx_word' id='word_1_139' title='bbox 61 2003 387 2054; x_wconf 87' lang='lat' dir='ltr'>familiarium</span> <span class='ocrx_word' id='word_1_140' title='bbox 420 2007 471 2053; x_wconf 92' lang='lat' dir='ltr'>et</span> <span class='ocrx_word' id='word_1_141' title='bbox 499 2003 665 2053; x_wconf 89' lang='lat' dir='ltr'>minus</span> <span class='ocrx_word' id='word_1_142' title='bbox 689 2003 900 2054; x_wconf 89' lang='lat' dir='ltr'>fortasse</span> <span class='ocrx_word' id='word_1_143' title='bbox 925 2003 1242 2054; x_wconf 90' lang='lat' dir='ltr'>literatorum</span> <span class='ocrx_word' id='word_1_144' title='bbox 1267 2005 1399 2054; x_wconf 86' lang='lat' dir='ltr'>inter</span> <span class='ocrx_word' id='word_1_145' title='bbox 1421 2005 1567 2054; x_wconf 87' lang='lat' dir='ltr'>cives.</span> 
     </span>
    </p>
   </div>
   <div class='ocr_carea' id='block_1_4' title="bbox 0 2095 1571 2149">
    <p class='ocr_par' dir='ltr' id='par_1_5' title="bbox 0 2095 1571 2149">
     <span class='ocr_line' id='line_1_22' title="bbox 0 2095 1571 2149; baseline 0.002 -3"><span class='ocrx_word' id='word_1_146' title='bbox 0 2110 2 2146; x_wconf 73' lang='grc' dir='ltr'><em>ἴ</em></span> <span class='ocrx_word' id='word_1_147' title='bbox 63 2096 144 2147; x_wconf 88' lang='lat' dir='ltr'>Ex</span> <span class='ocrx_word' id='word_1_148' title='bbox 183 2095 288 2146; x_wconf 91' lang='lat' dir='ltr'>illis</span> <span class='ocrx_word' id='word_1_149' title='bbox 333 2101 502 2146; x_wconf 86' lang='lat' dir='ltr'>tamen</span> <span class='ocrx_word' id='word_1_150' title='bbox 550 2097 686 2147; x_wconf 88' lang='lat' dir='ltr'>horis</span> <span class='ocrx_word' id='word_1_151' title='bbox 727 2096 994 2147; x_wconf 84' lang='lat' dir='ltr'>subsecivis</span> <span class='ocrx_word' id='word_1_152' title='bbox 1036 2103 1087 2147; x_wconf 91' lang='lat' dir='ltr'>et</span> <span class='ocrx_word' id='word_1_153' title='bbox 1128 2098 1318 2148; x_wconf 84' lang='lat' dir='ltr'>aestiva</span> <span class='ocrx_word' id='word_1_154' title='bbox 1361 2099 1571 2149; x_wconf 89' lang='lat' dir='ltr'>rustica-</span> 
     </span>
    </p>
   </div>
   <div class='ocr_carea' id='block_1_5' title="bbox 59 2189 1570 2908">
    <p class='ocr_par' dir='ltr' id='par_1_6' title="bbox 59 2189 1570 2908">
     <span class='ocr_line' id='line_1_23' title="bbox 61 2189 1570 2256; baseline 0.001 -18"><span class='ocrx_word' id='word_1_155' title='bbox 61 2189 196 2240; x_wconf 89' lang='lat' dir='ltr'>tione</span> <span class='ocrx_word' id='word_1_156' title='bbox 230 2194 427 2240; x_wconf 90' lang='lat' dir='ltr'>mature</span> <span class='ocrx_word' id='word_1_157' title='bbox 462 2189 650 2256; x_wconf 90' lang='lat' dir='ltr'>prodiit</span> <span class='ocrx_word' id='word_1_158' title='bbox 682 2189 964 2240; x_wconf 78' lang='lat' dir='ltr'>Heroidum</span> <span class='ocrx_word' id='word_1_159' title='bbox 1001 2189 1164 2240; x_wconf 78' lang='lat' dir='ltr'>Ovidii</span> <span class='ocrx_word' id='word_1_160' title='bbox 1199 2189 1376 2255; x_wconf 89' lang='lat' dir='ltr'>editio,</span> <span class='ocrx_word' id='word_1_161' title='bbox 1411 2191 1570 2256; x_wconf 88' lang='lat' dir='ltr'>speci-</span> 
     </span>
     <span class='ocr_line' id='line_1_24' title="bbox 61 2282 1568 2350; baseline 0.001 -18"><span class='ocrx_word' id='word_1_162' title='bbox 61 2301 176 2333; x_wconf 91' lang='lat' dir='ltr'>men</span> <span class='ocrx_word' id='word_1_163' title='bbox 201 2282 543 2350; x_wconf 85' lang='lat' dir='ltr'>superbissimi</span> <span class='ocrx_word' id='word_1_164' title='bbox 570 2283 762 2348; x_wconf 88' lang='lat' dir='ltr'>iudicii,</span> <span class='ocrx_word' id='word_1_165' title='bbox 792 2283 1146 2350; x_wconf 71' lang='lat' dir='ltr'>facultatisque</span> <span class='ocrx_word' id='word_1_166' title='bbox 1182 2283 1404 2348; x_wconf 86' lang='lat' dir='ltr'>criticae,</span> <span class='ocrx_word' id='word_1_167' title='bbox 1428 2283 1568 2334; x_wconf 90' lang='lat' dir='ltr'>cuius</span> 
     </span>
     <span class='ocr_line' id='line_1_25' title="bbox 60 2375 1568 2444; baseline 0.001 -19"><span class='ocrx_word' id='word_1_168' title='bbox 60 2376 189 2426; x_wconf 92' lang='lat' dir='ltr'>ratio</span> <span class='ocrx_word' id='word_1_169' title='bbox 212 2375 489 2444; x_wconf 87' lang='lat' dir='ltr'>elegantiae</span> <span class='ocrx_word' id='word_1_170' title='bbox 513 2395 660 2426; x_wconf 89' lang='lat' dir='ltr'>sensu</span> <span class='ocrx_word' id='word_1_171' title='bbox 685 2381 960 2444; x_wconf 84' lang='lat' dir='ltr'>regeretur,</span> <span class='ocrx_word' id='word_1_172' title='bbox 981 2376 1186 2442; x_wconf 91' lang='lat' dir='ltr'>eiusque</span> <span class='ocrx_word' id='word_1_173' title='bbox 1206 2376 1568 2442; x_wconf 88' lang='lat' dir='ltr'>praestantiam</span> 
     </span>
     <span class='ocr_line' id='line_1_26' title="bbox 59 2468 1568 2537; baseline 0 -19"><span class='ocrx_word' id='word_1_174' title='bbox 59 2468 210 2519; x_wconf 89' lang='lat' dir='ltr'>iudex</span> <span class='ocrx_word' id='word_1_175' title='bbox 243 2469 601 2535; x_wconf 89' lang='lat' dir='ltr'>peritissimus,</span> <span class='ocrx_word' id='word_1_176' title='bbox 648 2469 979 2534; x_wconf 90' lang='lat' dir='ltr'>Niebuhrius,</span> <span class='ocrx_word' id='word_1_177' title='bbox 1024 2469 1310 2535; x_wconf 87' lang='lat' dir='ltr'>praedicare</span> <span class='ocrx_word' id='word_1_178' title='bbox 1354 2487 1568 2537; x_wconf 89' lang='lat' dir='ltr'>eumque</span> 
     </span>
     <span class='ocr_line' id='line_1_27' title="bbox 60 2560 1567 2629; baseline 0.001 -18"><span class='ocrx_word' id='word_1_179' title='bbox 60 2560 245 2611; x_wconf 89' lang='lat' dir='ltr'>librum</span> <span class='ocrx_word' id='word_1_180' title='bbox 281 2561 622 2612; x_wconf 89' lang='lat' dir='ltr'>commendare</span> <span class='ocrx_word' id='word_1_181' title='bbox 659 2562 850 2612; x_wconf 90' lang='lat' dir='ltr'>solebat</span> <span class='ocrx_word' id='word_1_182' title='bbox 883 2568 1143 2629; x_wconf 85' lang='lat' dir='ltr'>tamquam</span> <span class='ocrx_word' id='word_1_183' title='bbox 1179 2567 1351 2628; x_wconf 75' lang='lat' dir='ltr'>poe&#39;tas</span> <span class='ocrx_word' id='word_1_184' title='bbox 1383 2562 1567 2613; x_wconf 90' lang='lat' dir='ltr'>latinos</span> 
     </span>
     <span class='ocr_line' id='line_1_28' title="bbox 59 2653 1568 2722; baseline 0.002 -19"><span class='ocrx_word' id='word_1_185' title='bbox 59 2653 156 2704; x_wconf 91' lang='lat' dir='ltr'>rite</span> <span class='ocrx_word' id='word_1_186' title='bbox 190 2654 553 2720; x_wconf 73' lang='lat' dir='ltr'>interpretandi</span> <span class='ocrx_word' id='word_1_187' title='bbox 588 2655 890 2722; x_wconf 90' lang='lat' dir='ltr'>exemplum.</span> <span class='ocrx_word' id='word_1_188' title='bbox 952 2656 1194 2704; x_wconf 84' lang='lat' dir='ltr'>Promisit</span> <span class='ocrx_word' id='word_1_189' title='bbox 1229 2660 1347 2706; x_wconf 89' lang='lat' dir='ltr'>tunc</span> <span class='ocrx_word' id='word_1_190' title='bbox 1375 2655 1568 2706; x_wconf 88' lang='lat' dir='ltr'>Lenne-</span> 
     </span>
     <span class='ocr_line' id='line_1_29' title="bbox 60 2746 1567 2814; baseline 0.001 -18"><span class='ocrx_word' id='word_1_191' title='bbox 60 2746 174 2812; x_wconf 91' lang='lat' dir='ltr'>pius</span> <span class='ocrx_word' id='word_1_192' title='bbox 209 2747 505 2814; x_wconf 91' lang='lat' dir='ltr'>ampliorem</span> <span class='ocrx_word' id='word_1_193' title='bbox 540 2747 807 2799; x_wconf 88' lang='lat' dir='ltr'>editionem</span> <span class='ocrx_word' id='word_1_194' title='bbox 843 2748 1130 2798; x_wconf 90' lang='lat' dir='ltr'>eorumdem</span> <span class='ocrx_word' id='word_1_195' title='bbox 1171 2748 1469 2812; x_wconf 81' lang='lat' dir='ltr'>carminum3</span> <span class='ocrx_word' id='word_1_196' title='bbox 1515 2754 1567 2798; x_wconf 87' lang='lat' dir='ltr'>at-</span> 
     </span>
     <span class='ocr_line' id='line_1_30' title="bbox 62 2840 1564 2908; baseline 0.001 -19"><span class='ocrx_word' id='word_1_197' title='bbox 62 2857 160 2889; x_wconf 90' lang='lat' dir='ltr'>non</span> <span class='ocrx_word' id='word_1_198' title='bbox 203 2840 345 2890; x_wconf 89' lang='lat' dir='ltr'>stetit</span> <span class='ocrx_word' id='word_1_199' title='bbox 391 2841 671 2907; x_wconf 88' lang='lat' dir='ltr'>promissis,</span> <span class='ocrx_word' id='word_1_200' title='bbox 725 2842 827 2892; x_wconf 89' lang='lat' dir='ltr'>sive</span> <span class='ocrx_word' id='word_1_201' title='bbox 880 2841 1012 2908; x_wconf 88' lang='lat' dir='ltr'>quod</span> <span class='ocrx_word' id='word_1_202' title='bbox 1059 2841 1181 2893; x_wconf 82' lang='lat' dir='ltr'>satis</span> <span class='ocrx_word' id='word_1_203' title='bbox 1231 2858 1283 2890; x_wconf 93' lang='lat' dir='ltr'>se</span> <span class='ocrx_word' id='word_1_204' title='bbox 1330 2840 1564 2890; x_wconf 89' lang='lat' dir='ltr'>tribuisse</span> 
     </span>
    </p>
   </div>
  </div>
 </body>
</html>
