1748 3224
238 214 301 263 76
826 230 1144 261 connaaumvs

298 336 427 406 εἶχον
465 344 786 402 accipiendum,
815 344 888 387 hic
924 343 1183 390 continendi
1219 358 1267 386 ac
1304 346 1458 390 tuendi
1495 361 1642 398 sensu,
1681 354 1734 390 ut

236 429 502 480 usurpatum
531 427 595 462 est
619 419 806 463 verbum
827 419 963 462 etiam
981 419 1037 462 Il.
1065 419 1127 462 M.
1153 417 1306 470 8‚.Od.
1339 419 1397 462 Ψ.
1423 418 1500 465 42.
1554 422 1734 465 Iunctae

235 505 362 541 etant
403 502 557 553 portae
606 487 883 552 ὑπερθυρίοις,
923 493 1122 536 trabibus
1172 509 1305 552 supra
1347 509 1415 537 eas
1459 497 1733 541 transversis.

236 571 369 616 cons.
401 570 487 615 Od.
513 569 569 615 H.
602 572 673 614 90.
733 570 957 616 Videntur
983 577 1132 613 autem
1163 569 1270 612 haec
1291 577 1335 612 et
1355 558 1587 628 epitheton
1610 572 1734 615 urbis

234 643 451 705 εὔπυργος
502 646 728 704 pertinere
773 646 827 688 ad
868 645 1176 688 declarandam
1224 645 1396 689 civium
1443 646 1493 688 in
1534 661 1582 689 ea
1624 647 1735 690 urbe

235 723 532 768 securitatem.
1568 731 1570 734 ’

294 874 353 919 In
374 888 447 918 vv.
478 873 722 916 272-285,
741 872 979 930 descriptio
1006 880 1070 915 est
1094 887 1283 931 pompae
1306 874 1544 932 nuptialis,
1572 875 1623 917 in
1649 883 1736 932 qu'a

235 951 381 994 multa
416 949 714 1002 inveniuntur
748 948 918 991 similia
954 948 1028 1000 iis,
1058 956 1167 1005 quae
1196 949 1344 992 beatae
1368 949 1493 992 urbis
1515 950 1662 1009 imago
1685 951 1736 994 in

236 1025 430 1070 Achillis
443 1026 515 1083 cly
522 1039 601 1082 peo
616 1024 870 1068 exhibuisse
884 1024 1094 1082 proditur
1109 1025 1164 1067 ab
1176 1025 1368 1068 Homero
1375 1025 1434 1068 11.
1454 1026 1502 1069 Σ.
1525 1026 1605 1068 491
1617 1039 1733 1084 seqq.

242 1210 248 1215 .
296 1191 339 1221 v.
362 1177 464 1222 273.
504 1167 751 1234 ἓϋσσῶτρου
782 1166 855 1218 ἐπ’
880 1167 1066 1235 ἀπήνης]
1126 1175 1448 1233 Accipiendum
1487 1177 1542 1220 de
1559 1176 1736 1220 mulari

237 1253 475 1298 vehiculo.
505 1252 610 1298 Vid.
626 1252 809 1296 Pausan.
825 1251 882 1295 V.
900 1265 965 1295 1x.
987 1252 1014 1293 2
1030 1259 1075 1294 et
1088 1249 1207 1294 conf.
1227 1249 1467 1309 Spanhem.
1483 1252 1536 1295 ad
1551 1251 1734 1296 Gallim.

236 1330 291 1375 H.
320 1330 371 1373 in
399 1329 539 1372 Laud.
567 1329 679 1374 Pall.
706 1344 748 1372 v.
781 1330 823 1372 3.

293 1397 450 1462 Σῶτροι
478 1404 740 1448 dicebantur
769 1410 971 1446 rotarum
1007 1402 1156 1460 ligna,
1190 1403 1365 1446 circum
1393 1417 1503 1461 quae
1535 1402 1735 1447 ferreum

235 1489 331 1525 erat
360 1472 638 1538 {wia-wrm.
683 1479 814 1524 vid..
842 1478 974 1523 Hom.
1017 1478 1071 1521 Il.
1108 1479 1161 1522 E.
1199 1481 1308 1529 725;
1344 1479 1509 1522 Pollux
1543 1480 1579 1523 Ι.
1621 1479 1733 1533 1443

235 1555 334 1603 VV.
363 1556 458 1600 DD.
491 1556 544 1599 ad
579 1554 769 1613 Hesych.
808 1554 862 1597 in
888 1568 942 1596 v.
983 1549 1322 1610 σωστρεύμοεται.
1383 1554 1501 1598 Hinc
1529 1549 1738 1612 εὕσωτρος

237 1623 591 1686 ἆπῆνη.ἀίοἰῐιιι·,
619 1629 744 1673 cuius
775 1629 883 1672 bene
906 1635 1186 1686 suntaptata
1213 1629 1351 1687 ligna.
1411 1628 1496 1672 Pro
1527 1620 1737 1683 ἓϋξέπου

237 1699 424 1761 ἀπήνης,
454 1714 506 1749 ut
530 1720 651 1749 nunc
668 1704 843 1763 legitur
867 1703 922 1748 Il.
956 1704 1014 1747 Q.
1048 1706 1155 1757 578,
1182 1705 1342 1748 multis
1375 1705 1466 1748 iam
1491 1706 1738 1763 antiquitus

235 1783 408 1841 placuit
436 1773 699 1839 ἓϋσσῶτρου.

295 1950 340 1979 v.
362 1935 465 1979 274.
492 1927 646 1982 ⁴‘math
676 1925 719 1978 δ’
754 1926 954 1990 ὑμέναιος
986 1924 1163 1992 ὀρώρει]
1210 1931 1350 1976 Habet
1384 1932 1535 1975 eadem
1564 1932 1734 1977 Home·

236 2008 393 2056 rus'Il.
424 2012 473 2055 Σ.
507 2012 615 2067 492,
639 2025 771 2068 quae,
799 2018 851 2052 ut
874 2009 971 2061 hio,
1000 2008 1251 2066 accipienda
1273 2015 1378 2050 sunt
1403 2008 1458 2050 de
1478 2015 1625 2060 cantu,
1646 2023 1736 2066 quo

236 2086 352 2130 Deus
383 2086 668 2146 Hymenaeus
700 2085 1005 2129 invocabatur.
1077 2084 1211 2128 Notat
1252 2090 1401 2126 autem
1441 2083 1645 2142 Heynius
1674 2084 1735 2127 ad

237 2162 373 2205 illum
395 2163 560 2215 locum,
583 2156 777 2218 ὑμέναιον
807 2160 917 2204 alibi
949 2160 996 2203 in
1020 2157 1265 2203 Homericis
1294 2173 1384 2200 non
1411 2173 1664 2211 occurrere,
1690 2166 1736 2202 et

237 2237 403 2280 nescire
422 2253 489 2289 se,
515 2253 571 2281 an
596 2252 687 2281 vox
709 2237 754 2280 d.
780 2237 815 2280 1.
841 2243 1048 2293 usurpata
1073 2234 1194 2277 inter
1216 2248 1263 2277 ea
1285 2234 1362 2285 sit,
1389 2248 1500 2291 quae
1523 2234 1733 2278 seriorem

236 2319 422 2356 aetatem
462 2313 674 2356 carminis
708 2320 913 2371 arguant.
983 2311 1065 2356 Sed
1092 2312 1214 2355 locus
1251 2310 1464 2355 vocabulo
1494 2326 1585 2354 nou
1614 2319 1731 2363 erat,

239 2387 325 2433 nisi
353 2389 403 2432 in
429 2389 648 2446 nuptialis
673 2403 863 2447 pompae
890 2396 934 2433 et
963 2386 1220 2431 festivitatis
1245 2386 1554 2445 descriptione.
1605 2386 1734 2431 Puel-

237 2463 384 2507 larum
412 2462 547 2507 fuisse
573 2463 883 2522 Hymenaeum
910 2478 1064 2508 canere
1088 2463 1330 2506 Muellerus
1360 2463 1393 2506 1.
1418 2477 1456 2506 c.
1491 2478 1536 2522 p.
1561 2463 1648 2507 894
1677 2462 1745 2506 li-'

236 2554 371 2595 quere
398 2539 463 2583 ait
490 2554 546 2583 ex
564 2539 752 2584 Pindaro
769 2540 995 2599 Pyth.111.
1019 2540 1075 2582 30
1088 2554 1220 2597 seqq..
1248 2538 1614 2597 Aemhylfflrom.
1630 2540 1748 2594 556,-

238 2613 393 2673 Eurip.
433 2614 534 2674 Ipb.
577 2615 630 2660 A.
671 2616 803 2668 1042,
851 2616 1031 2660 Theocr.
1076 2614 1141 2658 Id.
1177 2614 1341 2665 XVIII.
1404 2614 1555 2672 Itaque
1585 2615 1627 2659 ei
1657 2609 1741 2659 ταὶ

239 2689 286 2735 in
325 2705 366 2733 v.
405 2691 491 2735 276
529 2699 634 2735 sunt
669 2691 977 2749 Hymenaeum
1014 2698 1218 2734 canentes
1259 2690 1440 2733 honesta
1479 2689 1733 2733 conditione

240 2764 454 2823 virgines,
502 2765 818 2824 intelligendae
858 2767 946 2810 iam
991 2766 1037 2809 in
1081 2781 1120 2810 v.
1154 2767 1267 2817 274,
1315 2764 1427 2809 faces
1469 2773 1617 2809 autem
1655 2761 1733 2821 qui
