1748 3224
223 177 285 227 14
803 190 1126 226 cortun-rums

218 312 479 372 phitryonis
504 325 651 352 socero
679 311 971 353 succensentis
994 311 1193 368 impulsu
1222 309 1417 368 Taphios
1441 319 1484 354 et
1511 311 1720 355 Teleboas

218 387 499 445 Eleon-yonis
530 386 660 428 boves
689 385 894 428 invasisse
932 400 980 428 ac
1011 386 1260 429 resistentes
1287 385 1373 429 sibi
1404 385 1718 445 Electryonem

212 478 323 508 cum
353 461 460 505 filiis
484 461 707 513 occidisse,
738 463 855 519 quod
883 470 1002 505 certe
1029 476 1087 504 ex
1113 466 1268 520 poetae
1298 461 1440 504 verbis
1473 475 1565 505 non
1591 463 1720 505 colli-

217 555 303 598 gas.
367 537 451 580 Sed
486 551 590 580 cum
627 537 700 580 his
724 537 922 580 ¹omnino
947 537 1182 588 convenit,
1212 537 1328 595 quod
1357 537 1406 580 in
1433 536 1583 582 Schol.
1607 537 1721 582 Ven-

214 617 270 659 -ad
312 613 366 657 Il.
398 615 448 657 Ξ.
483 614 570 656 823
606 610 895 655 interfectum
926 610 980 655 ab
1011 613 1351 671 Amphitryone
1379 625 1581 656 socerum
1610 614 1720 672 legi-

218 705 317 732 mus
347 682 465 745 βοῶν
478 679 860 744 ἀμφισβητήσεως
875 680 1026 748 χάριν,
1048 690 1199 732 eodem
1223 687 1316 731 fere
1340 702 1483 740 sensu,
1501 702 1590 746 quo
1608 689 1721 732 dici-

218 774 295 807 tur
324 762 444 807 infra
481 778 522 807 v.
558 765 616 807 82
651 762 821 806 factum
854 765 938 807 hoc
967 757 1082 820 βοῶν
1114 756 1219 806 ἕνεκ’
1253 755 1578 821 εὐρυμετώπων.
1639 763 1722 807 Se-

212 841 415 884 cundum
443 847 592 883 autem
609 839 940 897 Argumentum
974 832 1192 887 Ἀσπίδος
1219 842 1276 883 Α.
1297 848 1390 883 acta
1416 854 1485 882 res
1509 847 1574 883 est
1594 847 1725 909 tuing

212 932 319 959 cum
349 915 674 974 Amphitryoni
707 915 797 957 iam
835 916 988 959 adulto
1019 924 1144 959 tutor
1181 916 1234 958 ab
1263 917 1358 958 eius
1386 924 1512 974 patre
1539 915 1722 959 relictus

216 991 463 1050 impuberis
504 991 714 1048 Electryo
751 990 863 1034 bona
898 992 1038 1050 ipsius
1073 992 1177 1035 fidei
1218 991 1453 1034 commissa
1489 991 1723 1034 restituere

215 1067 412 1121 deberet3
447 1067 496 1110 in
520 1081 606 1124 qua
632 1081 681 1109 re
702 1067 740 1108 si
763 1074 863 1109 tum
891 1067 1054 1111 iustam
1078 1081 1225 1111 socero
1245 1065 1524 1110 succensendi
1545 1081 1722 1110 causam

217 1143 378 1187 habuit
406 1143 709 1201 AmphitryO,
743 1143 894 1185 minus
923 1157 1027 1186 sane
1054 1145 1225 1186 mirum
1250 1151 1334 1195 est,
1366 1143 1483 1201 quod
1510 1157 1723 1186 excusan-

216 1221 327 1263 dum
366 1227 412 1262 et
445 1219 760 1277 ignoscendum
797 1219 951 1262 mariti
991 1220 1061 1263 sui
1088 1218 1257 1262 factum
1290 1219 1504 1263 Alcmena
1535 1219 1723 1262 censuit.

217 1296 280 1340 Ne
300 1294 401 1354 quis
427 1303 574 1338 autem
605 1309 709 1337 cum
733 1295 887 1338 Tzetze
913 1294 964 1338 ad
989 1296 1035 1338 h.
1054 1296 1087 1340 1.
1115 1303 1263 1354 putet,
1285 1302 1462 1354 portem
1482 1294 1725 1338 memorari

219 1373 291 1414 hic
321 1387 404 1430 pro
437 1379 554 1422 toto,
589 1370 721 1413 boves
750 1386 832 1428 pro
861 1370 1070 1414 omnibus
1100 1369 1411 1422 facultatibus,
1438 1371 1555 1428 quod
1585 1377 1727 1413 essent

218 1449 303 1492 illo
341 1455 540 1506 tempore
571 1447 834 1505 praecipuae
870 1447 916 1489 in
946 1447 1177 1505 pecoribus
1208 1447 1395 1490 divitiae
1435 1444 1572 1503 (conf.
1596 1433 1724 1504 ''Epy-

222 1525 337 1583 163).
399 1524 557 1568 Obstat
595 1522 825 1582 primum,
869 1525 987 1582 quod
1024 1524 1145 1568 infra
1177 1541 1219 1568 v.
1248 1525 1306 1568 82
1344 1521 1496 1566 addito
1523 1522 1724 1581 epitheto

218 1600 448 1644 definitius
490 1598 621 1642 boves
659 1597 988 1657 significantur,
1036 1600 1196 1643 deinde
1234 1597 1350 1658 quod
1389 1593 1488 1657 περὶ
1517 1590 1725 1656 sequente

218 1677 370 1722 dativo
409 1674 504 1719 fere
535 1682 662 1719 notat
695 1675 813 1728 eius,
856 1676 975 1733 quod
1011 1675 1096 1719 illo
1131 1690 1233 1719 casu
1265 1682 1568 1727 memoratur,
1599 1689 1724 1734 prae-

219 1752 424 1797 sentiam.
488 1749 621 1795 conf.
652 1750 706 1795 ΙΙ.
736 1749 796 1794 Π.
819 1752 919 1803 568,
953 1749 999 1795 Ρ.
1024 1751 1065 1804 4,
1093 1752 1135 1802 6,
1162 1753 1261 1802 133,
1284 1752 1386 1803 286,
1418 1750 1503 1795 od.
1537 1750 1586 1794 B.
1620 1751 1723 1802 245,

220 1829 273 1874 E.
291 1830 393 1880 310,
425 1828 475 1871 Σ.
498 1827 598 1878 402,
628 1826 681 1868 Υ.
709 1827 776 1879 14,
811 1834 863 1868 ut
886 1826 1028 1869 mirer
1055 1826 1344 1870 Eustatbium
1369 1841 1412 1885 p.
1446 1827 1580 1878 1828,
1621 1826 1648 1868 4
1671 1825 1726 1869 ad

219 1904 307 1949 Od.
323 1905 369 1947 P.
394 1902 493 1956 472,
527 1900 604 1945 ubi
630 1902 764 1952 item,
797 1910 848 1944 ut
878 1901 971 1953 hic,
1000 1902 1172 1945 mentio
1199 1902 1252 1945 fit
1282 1898 1443 1962 μαχῆς
1456 1896 1554 1960 περὶ
1571 1894 1724 1958 βουσί,

218 1981 365 2023 dicere
405 1978 601 2038 potuisse
636 1970 789 2025 καινῶς
819 1976 885 2020 ibi
916 1978 1114 2036 positum
1146 1991 1233 2021 esse
1262 1973 1360 2036 περ)
1387 1972 1510 2035 μετᾶ
1536 1969 1724 2030 δοτικῆς.

222 2055 447 2115 Agebatur
462 2062 611 2098 autem
634 2052 817 2097 fortasse
839 2054 893 2097 de
912 2051 1153 2097 dividendo
1174 2067 1345 2112 pecore,
1363 2061 1416 2096 ut
1434 2061 1583 2096 actum
1605 2054 1727 2097 inter

223 2132 455 2176 Labanum
497 2138 542 2174 et
577 2129 812 2182 Iacobum,
853 2137 1041 2188 negante
1069 2129 1403 2188 Amphitryone
1434 2130 1607 2173 iustum
1638 2129 1726 2173 sibi

222 2205 398 2267 paterni
420 2206 562 2266 gregis
586 2205 738 2250 heredi
769 2202 906 2249 boum
937 2219 1178 2249 numerum
1207 2203 1261 2249 ab
1279 2206 1547 2264 Electryone
1567 2205 1724 2250 tribui.

218 2283 355 2328 Certe
384 2297 532 2342 greges
566 2290 712 2342 postea
743 2282 863 2325 inter
893 2281 1242 2341 Amphitryonis
1273 2280 1387 2325 bona
1410 2280 1556 2334 fuisse,
1579 2282 1728 2341 arguit

221 2358 345 2404 infru
376 2374 420 2404 v.
452 2361 524 2403 ³9.

283 2526 327 2556 v.
358 2514 430 2556 13.
467 2502 512 2559 ἐς
538 2503 698 2568 Θήβας
723 2495 947 2564 ἱκέτευσε]
986 2509 1120 2554 Plane
1143 2516 1197 2553 ut
1226 2511 1440 2569 Epigeus,
1462 2508 1727 2554 consobrino

220 2588 389 2639 meino,
426 2578 470 2635 ἒς
502 2578 641 2640 Πηλῆ’
669 2579 869 2631 ἱκέτευσε
901 2581 975 2629 κα)
1004 2576 1049 2633 ἐς
1080 2579 1211 2629 Θέτιν
1245 2578 1573 2645 ἀργυρόπεζαν,
1607 2584 1724 2644 apud

224 2661 280 2708 11.
313 2664 370 2707 Π.
404 2664 502 2708 674.
571 2661 702 2708 Vaiet
737 2669 884 2706 autem
923 2669 1111 2720 utroque
1153 2662 1250 2705 loco
1286 2656 1483 2705 ἱκέτευσε
1510 2659 1726 2719 supplica-

225 2748 312 2781 tum
350 2742 471 2780 venie.
538 2736 661 2782 Infra
703 2752 746 2782 v.
787 2738 846 2782 88
886 2727 1008 2781 ‘luero
1042 2728 1084 2781 δ’
1116 2730 1175 2786 εἷς
1202 2733 1410 2795 Κρέοντα,
1455 2755 1478 2782 a
1518 2751 1629 2795 quo,
1675 2743 1726 2780 ut
