1748 3224
236 221 303 270 62
787 250 789 253 f
827 234 1144 267 connaunmvs

294 362 339 396 v.
359 351 444 394 217
475 363 586 406 seqq.
652 344 745 390 οὔτ’
775 342 846 406 ἄρ’
877 341 1103 403 ἐπιψαύων
1134 361 1174 391 κ.
1203 361 1245 391 τ.
1274 341 1344 407 λ.]
1404 349 1567 407 Figura
1587 347 1729 391 Persei

237 442 330 470 non
355 427 414 468 ita
443 423 702 467 cohaerebat
724 439 828 466 cum
858 425 1040 482 clypeo,
1070 432 1122 467 ut
1145 424 1342 482 reliquae
1357 421 1549 482 figurae,
1576 423 1648 466 sed
1675 422 1729 465 ad

236 503 427 561 speciem
461 506 559 543 erat
590 509 718 542 extra
749 483 985 557 clypeum,
1017 498 1179 542 similis
1196 499 1396 542 volanti.
1456 499 1585 541 Pedes
1615 505 1732 541 certe

238 578 413 621 nullam
440 574 595 632 clypei
614 582 788 632 partem
814 559 1152 632 contingebant,
1171 588 1252 616 nec
1274 571 1510 632 apparebat
1531 573 1732 623 omnino,

238 650 459 710 quomodo
504 650 661 708 clypeo
702 649 971 692 inniteretur
1008 649 1197 692 Perseus-
1267 647 1420 691 Censet
1454 647 1734 692 Hermannus

238 727 282 770 d.
297 727 329 770 1.
343 724 477 768 fuisse
499 724 741 776 emblema,
765 724 953 768 clavulis
977 726 1050 768 vel
1075 723 1274 768 cuneolis
1295 723 1349 766 ad
1370 722 1564 767 fundum
1583 723 1733 783 clypei

238 800 446 853 affixum,
489 808 542 844 ut
581 799 712 844 affixa
752 795 933 857 Sphinx
974 798 1066 842 fuit
1107 799 1158 842 in
1197 799 1516 857 Parthenopaei
1552 797 1735 842 Arcadis

239 878 421 936 clypeO,
450 890 584 934 quem
604 875 815 918 describit
840 875 1049 933 Aeschyl.
1074 875 1172 920 Vll.
1205 875 1303 918 adv.
1327 874 1415 917 Th.
1442 889 1485 918 v.
1507 875 1589 918 541
1619 867 1734 932 seqq.

239 953 307 996 ed.
343 951 546 997 Schuetz.
578 950 940 1009 Schlichtegroll.
971 960 1127 995 autem
1157 951 1201 996 d.
1233 952 1265 996 1.
1297 966 1342 1010 p.
1376 952 1434 994 75
1460 965 1600 1008 seqq.,
1631 958 1684 993 ut
1710 965 1736 993 e

241 1040 372 1072 versu
399 1027 579 1084 quidem
617 1028 701 1071 217
738 1027 908 1085 liquere
940 1027 1143 1085 agnovit,
1170 1027 1297 1084 pedes
1325 1026 1492 1086 figurae
1519 1027 1683 1070 liberos
1710 1041 1735 1070 a

238 1104 400 1161 clypeo
435 1101 588 1153 fuisse,
638 1110 836 1145 attamen
879 1117 1037 1160 corpus
1080 1102 1223 1146 Persei
1260 1102 1322 1145 sic
1359 1103 1408 1147 in
1443 1104 1603 1162 clypeo
1639 1116 1737 1146 coe·-

241 1180 386 1222 latum
433 1177 617 1229 statuit,
665 1185 719 1221 ut
765 1178 968 1235 quamvis
1006 1186 1181 1221 exstans
1228 1193 1332 1221 cum
1373 1194 1424 1222 eo
1470 1179 1736 1222 cohaereret.

242 1253 325 1298 Sed
349 1255 504 1312 poetae
530 1252 663 1297 verba
699 1253 750 1295 in
781 1268 855 1297 vv.
893 1254 978 1297 218
1001 1267 1087 1310 seq.
1123 1252 1262 1306 mihi,
1300 1258 1352 1296 ut
1383 1254 1602 1298 Mueller-o
1629 1254 1673 1298 d.
1703 1254 1736 1297 l.

241 1344 287 1389 p.
328 1331 435 1381 890,
478 1342 660 1388 arguere
701 1329 933 1381 videntur,
978 1329 1169 1373 voluisse
1214 1343 1317 1372 eum
1358 1329 1433 1372 hic
1467 1328 1740 1372 miraculum

242 1406 415 1464 agnosci
451 1404 507 1447 ab
533 1404 690 1462 opifice
716 1405 807 1447 Deo
837 1405 1030 1456 editum,
1061 1419 1155 1447 non
1185 1404 1383 1447 humano
1413 1405 1606 1463 quodam
1631 1402 1741 1448 arti·

242 1481 346 1524 ficio
384 1491 586 1539 paratum
626 1493 748 1537 opus.
812 1479 931 1522 Illud
977 1479 1158 1537 quidem
1205 1471 1372 1535 οὐδαμῆ
1399 1471 1628 1537 ἐστήρικτο
1658 1480 1740 1523 vix

243 1565 331 1609 est,
365 1563 419 1599 nt
458 1556 512 1599 ad
542 1555 657 1599 solos
684 1555 812 1612 pedes
842 1554 1019 1598 referas.
1082 1554 1200 1598 Male
1231 1556 1353 1598 enim
1385 1557 1521 1614 vulgo
1550 1555 1743 1598 reddunt

243 1632 482 1684 insistebat,
512 1631 674 1674 melius
693 1631 786 1674 Bas.
819 1631 980 1686 infixus
1008 1638 1114 1671 erat.
1171 1630 1206 1674 Ι.
1242 1630 1298 1674 H.
1328 1630 1533 1682 Vossius,
1564 1630 1747 1689 nir-gend

245 1707 465 1766 befistzget
501 1706 604 1765 king
637 1721 697 1750 er.
760 1705 911 1748 Minus
955 1705 1251 1764 probabiliter
1291 1705 1622 1765 Goettlingius,
1655 1708 1743 1763 quo

247 1782 419 1827 scilicet
443 1784 573 1841 po‘eta
593 1782 810 1825 recentior
831 1780 1164 1824 Alexandrinus
1194 1781 1442 1833 videretur,
1481 1781 1575 1824 eius
1598 1781 1745 1825 menti

246 1858 528 1902 obversatum
548 1856 681 1901 fuisse
702 1857 862 1900 statuit
879 1856 1124 1899 artificium
1139 1857 1417 1907 Dinocharis,
1441 1857 1518 1915 qui
1538 1857 1744 1901 Arsinoes

249 1935 473 1993 templum
506 1933 804 1979 Alexandriae
831 1939 1035 1990 magnete
1061 1932 1211 1991 lapide
1234 1947 1541 1977 concamerare
1557 1931 1744 1975 inchoa-

250 2018 395 2061 verat,
435 2017 487 2052 ut
522 2009 572 2052 in
606 2024 657 2052 eo
693 2008 987 2052 simulacrum
1013 2008 1107 2051 eius
1139 2022 1166 2050 e
1197 2006 1314 2051 fer-m
1342 2008 1532 2066 pendere
1563 2007 1614 2050 in
1646 2012 1745 2050 aere

251 2085 487 2129 videretur.
547 2083 652 2128 vid.
683 2083 856 2126 Plinius
888 2081 943 2126 H.
976 2082 1029 2127 N.
1059 2083 1263 2127 XXXIV.
1297 2083 1365 2126 42.

309 2250 352 2278 v.
375 2235 477 2281 219.
514 2226 774 2294 παλάμαις]
837 2233 1058 2277 Rankius:
1091 2233 1183 2277 »De
1211 2248 1349 2278 manu
1379 2233 1562 2277 artificis
1584 2235 1748 2293 saepis-

251 2310 389 2354 »s'ime
420 2311 541 2369 apud
574 2309 816 2354 Hesiodum
844 2301 1038 2363 παλάμῃ
1064 2317 1321 2367 usurpatur,
1333 2308 1454 2354 infra
1467 2309 1567 2361 820,
1581 2309 1748 2368 Theog-

252 2388 391 2439 11680,
436 2388 545 2438 866,
592 2393 644 2428 ut
683 2400 755 2443 ap·
795 2384 922 2428 Pind.
951 2384 1087 2443 Pyth.
1114 2384 1171 2429 Π.
1197 2386 1253 2427 72
1289 2384 1425 2440 alibi3
1451 2385 1501 2428 in
1530 2385 1668 2428 Iliade
1694 2385 1748 2429 de

252 2461 491 2506 »heroibus
521 2462 574 2505 ll.
597 2460 647 2504 Γ.
684 2461 787 2511 128,
821 2460 873 2503 Ε.
906 2462 1036 2505 558.”

313 2627 356 2657 v.
380 2614 481 2658 220.
523 2605 757 2670 πτερόεντα
776 2602 950 2663 πέδιλα,
982 2610 1139 2653 talaria
1160 2615 1342 2668 pinnata
1367 2626 1400 2654 s.
1428 2610 1570 2667 alata,
1598 2609 1748 2653 Peraeo

253 2687 414 2732 donata
436 2688 677 2732 secundum
699 2687 910 2745 quosdam
936 2701 959 2729 a
985 2685 1208 2730 Mercurio
1221 2686 1330 2744 (vid.
1349 2685 1745 2731 Eratosthcmat.

254 2778 292 2807 c.
317 2764 395 2814 22,
430 2763 633 2820 Hyginus
649 2763 697 2808 P.
715 2761 768 2807 A.
802 2760 889 2818 12).
917 2760 1155 2805 secundum
1178 2761 1451 2817 antiquiores
1470 2776 1493 2805 a
1509 2759 1747 2819 Nymphis.
