1748 3224
549 220 589 249 m
622 218 787 250 uastum
818 219 993 250 scvrvn.
1459 201 1529 249 53

37 360 40 363 -
83 347 127 377 v..
154 333 252 376 187.
296 323 553 388 Πευκείὃοις]
588 325 705 378 υἱοὺς
729 332 806 374 τοῦ
839 327 1058 386 Πευκέως,
1100 339 1152 374 ut
1178 331 1408 375 ‘Diaconos
1433 347 1519 374 ‚ex-

21 407 166 467 ponit.
232 406 314 450 Sed
353 421 494 465 neque
534 406 706 458 Peucei,
747 421 890 464 neque
925 407 1127 450 filiorum
1159 406 1252 449 eius
1281 405 1521 450 Perimedis

19 490 73 527 et.
93 482 254 540 Dryali
285 481 417 534 alibi,
448 496 582 540 quam
614 481 708 533 hic,
743 482 914 524 mentio
945 488 1102 524 exstat.

35 644 120 676 xv.
147 634 245 677 188.
285 627 484 692 χρυσέας
530 621 698 678 ἐλάτας
739 623 781 674 ἓν
827 627 987 691 χερσὶν
1027 624 1240 690 ἔχοντες]
1302 632 1417 690 Apte
1457 632 1519 675 sic

17 707 152 754 otiam
197 722 425 751 armorum
470 721 628 766 genere
673 707 928 765 designatur
974 707 1301 751 Centaurorum
1349 705 1517 751 feritas.

17 782 148 841 Apud
175 783 392 827 Ovidium
419 797 593 841 quoque
616 783 649 825 l.
676 798 714 825 c.
743 798 899 826 eorum
926 784 1064 826 multi
1089 784 1369 827 inducuntur
1393 784 1518 827 evul-

13 859 73 903 sis
115 858 346 902 arboribus
383 866 555 902 utentes
594 873 677 916 pro
717 859 819 901 telis
846 859 959 916 (vid.
1000 874 1041 902 v.
1071 860 1178 911 327,
1212 860 1298 903 356
1328 867 1370 902 et
1396 857 1516 902 conf.

15 934 207 979 Eudocia
234 949 280 992 p.
312 933 430 991 250).
494 933 701 977 Ceterum
729 933 794 976 ibi
822 935 1118 977 tumultuaria
1150 949 1325 992 pugna,
1351 935 1519 993 quippe

13 1008 160 1053 subito
187 1010 238 1053 in
266 1010 363 1068 ipso
393 1009 586 1052 Pirithoi
611 1010 809 1067 nuptiali
838 1010 1047 1052 convivio
1074 1017 1194 1061 orta,
1227 1010 1516 1060 describitur;

15 1084 88 1128 hic
117 1085 231 1128 iusta
261 1101 430 1143 pugna,
466 1083 565 1128 o'rto
597 1092 782 1143 propter
809 1085 1076 1143 Eurytionis
1102 1084 1317 1129 Centauri
1344 1085 1392 1128 in
1423 1086 1519 1129 illis

13 1159 187 1217 nuptiis
222 1160 596 1202 incontinentiam
633 1159 753 1202 inter
787 1159 1029 1203 Centauros
1059 1167 1103 1202 et
1138 1160 1351 1217 Lapithas
1380 1161 1514 1204 bello.

14 1233 144 1278 Conf.
162 1234 294 1278 Hom.
311 1234 396 1278 Od.
428 1234 479 1276 Φ.
511 1237 544 1278 l.
570 1251 608 1279 c.
643 1226 854 1280 Ἐλάταις
883 1235 1157 1277 instructum
1186 1233 1530 1279 Centaurorum·

0 1309 210 1352 'thiasum
244 1318 466 1353 memorat
496 1310 629 1352 etiam
661 1308 902 1366 ‘Euripides
929 1305 1152 1366 lphig.'in
1193 1308 1298 1353 Aul.
1328 1326 1370 1355 v.
1400 1313 1514 1356 1046

13 1385 84 1428 e'df.
103 1383 272 1428 Matth.
325 1385 579 1428 Eorundem
603 1380 799 1443 χλωραῖς
822 1375 1052 1426 ἐλάταισιν
1081 1384 1272 1427 occisum
1291 1385 1512 1428 Caeneum

11 1459 379 1503 traditPindarus
397 1459 514 1518 apud
529 1458 679 1503 Schol.
698 1459 848 1517 Apoll.
865 1459 1056 1502 Rhod.1.
1077 1461 1148 1503 57.
1186 1458 1512 1504 Centaurorum

11 1534 153 1593 igitur
180 1549 304 1577 arma
331 1535 562 1592 descripsit
587 1536 740 1592 po'eta3
774 1532 966 1576 formam
993 1549 1085 1576 non
1104 1534 1228 1577 item.
1264 1535 1381 1578 Eum
1407 1538 1514 1580 tales

10 1627 82 1656 eos
112 1613 197 1655 sibi
228 1611 510 1663 informasse,
543 1612 688 1669 qualis
717 1610 806 1654 suit
836 1611 1084 1656 Centaurus
1114 1612 1163 1655 in
1186 1627 1283 1655 arca
1307 1612 1513 1671 Cypseli,

11 1688 195 1747 pedibus
225 1688 524 1731 anterioribus
558 1688 788 1739 humanis,
829 1687 1147 1745 posterioribus
1183 1688 1376 1744 equinis,
1409 1704 1512 1731 con-

10 1764 236 1807 iicientem
272 1764 416 1806 videas
446 1763 716 1807 Muellerum
750 1764 782 1806 l.
804 1779 841 1805 c.
868 1779 912 1822 p.
939 1765 1046 1815 886,
1080 1763 1151 1806 cui
1184 1771 1334 1806 tamen
1365 1765 1512 1807 conie-

11 1846 181 1890 cturae,
229 1839 277 1881 ni
309 1838 464 1890 fallor,
505 1838 635 1880 unice
665 1846 818 1880 ortum
849 1839 995 1891 dedit,
1034 1838 1151 1895 quod
1182 1854 1359 1882 carmen
1391 1855 1512 1882 com-

11 1914 207 1973 positum
238 1915 389 1957 eadem
404 1946 405 1950 ,
421 1914 610 1962 credidit
631 1921 790 1965 aetate,
810 1928 895 1970 qua
917 1913 1099 1972 Cypseli
1123 1913 1397 1957 elaboratum
1422 1914 1513 1957 fuit

10 1976 262 2033 donarium.
327 1990 456 2034 Conf.
494 1990 612 2032 idem
646 2004 690 2048 p.
722 1991 824 2032 881.

72 2155 115 2184 ν.
142 2142 238 2186 189.
280 2134 534 2200 συναΐγδην,
570 2142 773 2183 concorde
804 2147 972 2198 impetu.
1031 2141 1311 2186 Vocabulum
1346 2149 1396 2183 ut
1425 2141 1510 2185 He-

11 2217 121 2262 siodi
160 2218 269 2260 citat
307 2219 460 2276 Etym.
500 2218 562 2261 M.
604 2233 645 2276 p.
689 2219 768 2269 41,
803 2219 875 2260 31.
938 2215 1143 2274 Simplex
1173 2208 1337 2275 ἂῗγδην
1366 2224 1510 2259 exstat

10 2293 138 2351 apud
163 2294 310 2350 Apoll.
352 2293 440 2338 Rh.
474 2293 531 2337 II.
565 2296 666 2337 880
734 2292 870 2336 Aliud
910 2293 1206 2349 compositum
1237 2283 1509 2351 καταίγδην,

9 2368 127 2427 quod
157 2369 324 2427 legitur
354 2369 462 2414 ibid.
477 2370 512 2412 I.
534 2370 616 2422 64,
643 2369 968 2412 restituendum
993 2369 1211 2412 Eudociae
1230 2383 1275 2426 p.
1294 2370 1381 2412 280
1405 2368 1508 2410 init

9 2457 92 2503 pro
121 2435 359 2502 κωτίγδην,
389 2445 508 2502 quod
539 2445 678 2488 nihili
709 2452 790 2489 est.

76 2512 178 2561 ὦσε)
206 2512 303 2575 ζωοί
329 2531 407 2578 περ
435 2512 595 2580 ἐόντες]
646 2520 760 2563 Cum
786 2521 858 2562 his
880 2519 1080 2577 Heynius
1102 2533 1361 2576 comparans
1381 2518 1436 2562 11.
1456 2518 1505 2562 Σ.

0 2594 319 2648 ¹=g5:-19,-le‹:ti0ne
339 2595 386 2638 h.
406 2597 439 2640 l.
462 2589 691 2648 voventum
711 2596 911 2648 admissa,
934 2602 1187 2652 sequentem
1208 2594 1313 2637 inde
1328 2609 1504 2638 versum

10 2668 258 2714 insiticium
291 2670 462 2716 habuit.
