1748 3224
240 210 302 257 32
831 227 1150 258 conusuumvs

239 342 348 384 hinc
378 342 525 384 Plinio
558 340 611 381 H.
637 340 690 383 N.
724 340 781 384 X.
810 343 837 383 3
867 342 986 383 inter
1015 354 1173 399 genera
1210 341 1460 397 aquilarum
1491 350 1745 385 recensetur

238 410 452 474 μόρφνος,
483 416 557 458 cui
587 430 751 458 nomen
775 414 918 458 fuerit
945 416 1081 459 etiam
1111 409 1330 473 πλάγγος
1359 424 1403 458 et
1433 411 1706 474 νηττοφόνος.

301 583 343 610 v.
365 568 461 609 136.
493 565 884 624 Legitur·1dem11.
909 567 957 609 r.
990 567 1092 619 336,
1125 565 1179 609 O.
1209 541 1382 632 480·X·
1403 567 1507 619 123,
1528 569 1742 612 uividea-

239 655 314 688 tur
337 647 385 688 in
411 645 494 688 tali
524 659 572 687 re
598 645 740 702 poetis
765 660 877 702 pene
901 645 1112 688 solemnis
1139 643 1289 687 fuisse.

300 810 340 839 v.
367 798 467 840 137.
505 788 766 852 ἀδάμαντος
804 797 835 839 i.
883 813 920 841 e.
978 787 1027 846 ἐξ
1075 787 1374 851 ἀδάμαντος,
1438 786 1744 851 ἀδαμαντίνην.

238 871 368 930 Apud
401 871 649 914 Homerum
682 872 810 914 nulla
849 872 903 914 fit
941 862 1201 927 ἀδάμαντος
1231 871 1418 913 mentio.
1481 869 1562 914 Sed
1601 878 1746 914 exstat

239 946 319 991 illa
361 947 477 1005 apud
517 946 758 989 Hesiodum
793 934 919 1005 ''Ep'y.
963 950 1061 1000 147,
1095 948 1180 991 Th.
1215 949 1293 990 161
1327 955 1370 990 et
1402 948 1508 998 188,
1543 954 1594 989 ut
1623 945 1744 988 infra

237 1039 410 1081 quoque
444 1038 486 1066 v.
521 1023 630 1073 231,
669 1021 820 1065 addito
857 1023 1056 1081 epitheto
1097 1023 1297 1083 χλωροῦ,
1340 1022 1418 1064 ubi
1457 1021 1746 1064 Heinrichius

241 1100 376 1142 vertit
401 1105 446 1142 in
472 1115 570 1141 aere
590 1099 780 1157 pallido,
818 1100 930 1142 sicut
958 1101 1032 1143 hic
1059 1115 1230 1143 aeream
1262 1098 1398 1142 fuisse
1428 1099 1530 1141 vult
1554 1099 1742 1156 galeam.

238 1174 514 1232 Goettlingio
555 1165 746 1229 ἀδάμας
787 1174 1014 1223 habendus
1054 1176 1232 1219 videtur
1264 1175 1311 1217 in
1344 1189 1532 1217 numero
1558 1173 1743 1216 ficticio-

238 1265 340 1292 rum
368 1251 660 1293 metallorum
689 1252 760 1294 vel
790 1252 1123 1310 incognitorum
1152 1251 1350 1309 posteris.
1410 1250 1562 1307 Itaque
1593 1263 1747 1307 repre-

238 1324 398 1367 hendit
437 1325 775 1369 Blomfieldium
819 1329 867 1369 in
917 1325 1132 1385 Aeschyli
1178 1327 1324 1370 Prom.
1373 1328 1400 1369 6
1452 1317 1748 1382 belamin-moe

238 1401 496 1444 reddentem
508 1402 708 1458 ferreus,
736 1402 815 1459 qui
841 1410 993 1445 tamen
1018 1417 1110 1445 non
1133 1402 1321 1445 omnino
1346 1410 1512 1444 temere
1535 1416 1747 1459 provoca-

239 1476 308 1519 vit
330 1476 384 1519 ad
409 1476 582 1534 Hygini
608 1475 697 1520 fab.
723 1476 917 1529 CXLIV,
944 1477 1021 1520 ubi
1047 1478 1216 1521 dicitur
1245 1477 1534 1520 Prometheus
1557 1477 1607 1519 in
1633 1475 1748 1521 Cau·

237 1567 333 1595 caso
362 1552 564 1610 illigatus
595 1554 726 1595 clavis
740 1555 921 1611 ferreis.
987 1551 1116 1598 Conf.
1147 1561 1192 1596 et
1219 1551 1368 1596 Schol.
1398 1551 1613 1610 Aeschyli
1638 1553 1682 1596 d.
1713 1553 1746 1596 l.

240 1644 284 1671 v.
316 1628 389 1672 64.
451 1627 502 1670 In
540 1625 714 1670 ferrum
742 1629 898 1686 utique
923 1629 1092 1686 optime
1119 1628 1330 1671 convenit
1356 1628 1442 1672 Th.
1474 1643 1516 1671 v.
1548 1629 1628 1671 161
1665 1628 1748 1670 tri-

238 1703 400 1747 butum
432 1694 662 1759 ἒιδοέμαντι
701 1704 932 1761 epitheton
963 1703 1119 1747 πολιοῦ
1151 1702 1287 1761 (conf.
1314 1702 1421 1747 11.1.
1439 1703 1540 1755 366,
1566 1703 1626 1747 Ψ.
1644 1703 1745 1756 261,

239 1778 325 1824 Od.
357 1780 414 1822 Ω.
450 1778 594 1837 167.),
618 1780 879 1837 videturque
905 1781 1053 1837 ipsum
1087 1794 1253 1822 nomen
1284 1771 1545 1836 ἀδάμαντος
1588 1778 1747 1820 metal-

240 1856 338 1898 lum
373 1854 622 1913 significare
652 1855 914 1898 durissimae
936 1862 1140 1907 naturae,
1174 1856 1307 1912 quale
1333 1863 1396 1898 est
1420 1853 1606 1898 ferrum.
1637 1852 1742 1899 Vid.

239 1931 326 1975 Th.
368 1932 470 1975 864.
534 1929 749 1973 Attamen
787 1930 968 1974 Tzetzae
1011 1922 1196 1987 ἀδάμας
1241 1946 1331 1973 non
1374 1931 1632 1980 metallum,
1672 1929 1745 1972 sed

238 1998 357 2054 λίθος
383 1997 503 2048 ἐστὶν
533 1997 816 2061 ἀδάμαστος,
850 2015 893 2050 et
917 2007 979 2050 sic
997 2007 1152 2051 Proclo
1175 2021 1348 2064 quoque
1372 2007 1516 2050 visum
1542 2006 1596 2049 ad
1615 1992 1746 2063 ζἘρ·>’.

243 2084 352 2134 147,
395 2098 483 2140 qno
516 2084 612 2126 loco
643 2098 745 2125 sane
779 2084 844 2126 rei
875 2084 990 2126 ratio
1028 2084 1144 2126 haud
1173 2090 1390 2141 repugnat
1411 2098 1606 2141 prorsus,
1663 2081 1746 2126 Sed

240 2176 263 2202 c
290 2160 435 2217 lapide
460 2160 630 2217 galeam
657 2159 707 2202 h.
729 2160 778 2211 1.‚
810 2160 879 2203 vel
905 2158 1065 2203 falcem
1092 2159 1179 2202 Tb.
1203 2160 1308 2211 162,
1338 2159 1439 2217 quis
1465 2167 1529 2202 est
1557 2159 1637 2216 qui
1669 2159 1747 2203 in-

242 2234 435 2278 formare
461 2234 546 2278 sibi
574 2236 738 2293 possit?

299 2402 375 2432 vv.
401 2390 632 2433 139—318
661 2387 930 2432 describitur
956 2388 1137 2446 clypeus
1162 2388 1384 2440 Herculis,
1412 2387 1538 2431 cuius
1562 2385 1742 2439 artifex,

243 2471 295 2506 ut
320 2461 516 2506 Achillis
539 2464 689 2522 clypei
714 2463 1098 2521 apudflomerum
1114 2496 1125 2515 ‚
1151 2462 1284 2506 fuisse
1298 2463 1525 2508 Vulcanus
1548 2463 1746 2507 traditur

245 2539 440 2582 versibus
463 2540 547 2583 297
563 2571 574 2591 ,
595 2541 705 2592 313,
728 2541 838 2595 319;
863 2540 925 2583 ita
950 2546 1001 2582 ut
1027 2539 1198 2582 mirum
1219 2539 1361 2583 videri
1388 2546 1598 2598 nequeat,
1627 2537 1663 2581 si
1694 2538 1743 2582 in

243 2631 293 2657 eo
324 2616 465 2659 multa
497 2615 630 2659 fuisse
656 2622 971 2659 memorantur
1001 2611 1246 2670 Θαύματα,
1272 2629 1340 2658 res
1370 2614 1607 2667 eiusmodi,
1638 2615 1743 2672 quas

244 2692 371 2734 nullu
406 2691 600 2735 humana
633 2706 702 2735 ars
732 2691 945 2735 exhibere
974 2690 1136 2749 potuit.
1200 2688 1396 2734 profecta
1426 2690 1505 2733 illa
1536 2689 1590 2733 ab
1621 2689 1741 2748 inge-

246 2767 322 2810 nio
361 2769 511 2825 pomae
556 2766 685 2811 facist·
729 2766 1032 2818 concedimus;
1076 2772 1118 2807 at
1149 2780 1237 2808 non
1274 2765 1406 2816 item,
1441 2779 1542 2807 eum
1577 2764 1622 2807 in
1660 2763 1742 2806 hac
