1748 3224
217 218 283 270 38
803 238 1126 271 conunsrimvs

218 369 243 397 a
283 352 524 401 Welckero
566 366 699 410 super
733 353 1059 411 significatione
1108 354 1313 398 vocabuli
1343 353 1523 415 πτύχες
1551 357 1748 400 diesen-⁸·

219 428 333 473 tiens
372 429 494 487 (vide
530 426 650 471 infra
691 427 744 471 ad
787 442 829 474 v.
868 428 994 488 143),
1037 437 1236 472 ceterum
1268 430 1401 481 item,
1442 439 1494 474 ut
1523 432 1624 484 ille,
1667 428 1748 481 inu-s

215 505 367 563 clypei
396 503 502 547 orbe
530 517 684 546 omnes
712 518 832 546 areas
860 503 1149 551 orbiculatim
1181 503 1314 547 fuisse
1349 506 1504 549 statuit
1532 506 1726 565 disposiae

216 588 304 630 tas,
336 579 552 631 mediam,
585 579 634 622 in
665 594 752 637 qua
781 578 916 623 draco
942 577 1116 623 circum
1137 595 1181 622 se
1206 579 1372 622 habens
1398 593 1455 623 ex
1475 581 1728 639 implicatis*

216 656 337 698 inter
364 668 410 697 se
433 655 668 698 duodecim
697 654 977 713 serpentibus
1001 668 1234 706 coronam,
1266 654 1343 699 illi
1368 662 1520 699 autem
1549 654 1722 699 mediae

216 729 501 788 proximam,
547 730 599 772 in
641 731 729 787 qua
773 743 921 787 pugna
965 744 1179 787 aprorum
1218 737 1262 773 et
1303 720 1505 783 leonum3
1547 731 1722 775 circum

215 806 331 848 hanc
369 804 475 847 in'de
503 804 680 847 latioris
708 803 864 848 orbem
897 818 1044 859 areae,
1083 804 1210 847 cuius
1241 802 1381 846 fuerit
1409 807 1461 847 in
1492 801 1722 863 superiore

215 887 342 939 parte
371 879 551 923 Perseus
577 895 682 922 cum
706 878 1010 937 Gorgonibus,
1042 878 1092 921 in
1113 878 1326 922 inferiore
1345 889 1590 924 conventus
1607 881 1723 924 Deo—-

214 970 344 1007 rum,
377 955 427 997 in
456 954 615 1011 dext'r'a
646 954 947 1012 Lapitharum
968 961 1013 996 et
1038 953 1366 997 Centaurorum
1391 961 1565 1014 pugna,
1593 970 1728 1014 prae-f

215 1030 414 1074 sentibus
451 1029 595 1075 Marte
631 1036 675 1072 et
711 1029 937 1079 Minerva,
978 1028 1028 1070 in
1052 1028 1245 1071 sinistra
1284 1036 1462 1085 portus;
1502 1031 1578 1074 illi
1611 1031 1727 1074 inde·

216 1119 340 1149 areae
368 1105 706 1148 circumiectam
737 1094 1024 1154 latissimam,
1044 1103 1172 1146 cuius
1198 1094 1403 1161 superior
1431 1114 1532 1163 pars
1561 1105 1718 1149 urbem

214 1181 429 1225 obsessam
461 1189 594 1239 atque
622 1194 788 1223 omnes.
806 1179 919 1223 belli
944 1179 1168 1231 miserias,
1201 1178 1393 1223 inferior
1412 1189 1614 1239 pacatam
1645 1189 1722 1223 nar-³

214 1257 315 1300 bem
345 1271 455 1313 cum·
476 1254 685 1298 omnibus
713 1255 833 1314 pacis
861 1254 1033 1298 artibus
1056 1254 1341 1309 exhibuerit,
1369 1257 1445 1299 cui
1467 1257 1719 1315 imaginum

213 1331 499 1390 dispositioni
527 1345 796 1388 consequens
824 1329 991 1382 fuerit,
1023 1338 1074 1373 ut
1094 1331 1267 1382 omnia,
1290 1347 1402 1389 quae
1423 1333 1477 1375 ad
1499 1331 1718 1376 terrorem

213 1407 527 1451 incutiendum
559 1405 782 1458 facerent,
821 1406 876 1450 ad
901 1406 1030 1463 'quod
1070 1406 1216 1449 multa
1254 1407 1304 1450 in
1339 1408 1500 1466 clypeo
1536 1422 1721 1466 compa-

213 1487 311 1526 rata
338 1480 524 1525 fuerunt
552 1481 665 1536 (vid.
698 1496 772 1525 vv·
810 1483 894 1524 149
925 1496 1037 1538 seq„
1079 1483 1162 1524 162
1197 1481 1329 1540 seq.),
1371 1482 1436 1526 ita
1466 1482 1639 1526 fuerint
1667 1483 1719 1526 in

213 1558 441 1617 superiore
477 1556 630 1615 clypei
663 1561 791 1615 parte
820 1558 1059 1609 collocata,
1105 1566 1157 1600 ut
1188 1572 1293 1616 prae
1329 1558 1484 1601 ceteris
1518 1559 1721 1602 maxime

213 1632 571 1677 adversariorum
609 1633 760 1676 oculos
798 1631 1010 1685 ferirent3
1053 1644 1142 1690 quo
1179 1633 1342 1676 melius
1372 1641 1520 1676 autem
1551 1634 1726 1678 distin--v

212 1716 456 1768 guerentur
486 1708 542 1751 ab
574 1723 618 1751 se
647 1708 845 1752 invicem
875 1723 1020 1760 areae,
1062 1707 1212 1752 fecisse
1244 1716 1343 1752 tum
1375 1710 1550 1753 varium
1583 1710 1722 1754 indu—

211 1792 337 1828 ctum
365 1784 421 1828 iis
446 1785 732 1842 splendidum
763 1785 958 1828 colorem
982 1784 1043 1843 (v.
1074 1786 1152 1828 141
1182 1784 1314 1844 seq.)‚
1339 1793 1436 1828 tum
1463 1784 1570 1843 quas
1588 1787 1718 1845 poeta

211 1860 334 1903 dixit
363 1856 579 1919 πτῦχας,
609 1861 674 1903 ita
703 1860 1000 1903 discurrentes
1029 1861 1151 1903 inter
1181 1875 1323 1911 areas,
1361 1868 1414 1903 ut
1444 1862 1630 1904 alteram
1661 1861 1718 1904 ab

211 1937 352 1979 altera
382 1943 660 1994 separarent,
700 1937 908 1995 cingente
946 1948 1100 1979 omnes
1136 1936 1238 1979 illas
1279 1936 1329 1979 in
1359 1937 1511 1995 clypei
1541 1936 1725 1980 ambitu

211 2010 400 2055 Oceano.
460 2011 620 2054 Fateor
659 2011 864 2069 equidem
903 2010 1020 2054 hanc
1061 2010 1270 2055 Muelleri
1310 2011 1531 2055 rationem
1571 2012 1714 2064 mihi,

136 2101 139 2106 ·
215 2095 263 2130 ut
305 2086 508 2138 Rankio,
548 2099 655 2145 prae
693 2086 850 2129 ceteris
885 2086 1086 2129 maxime
1120 2085 1400 2144 probabilem
1439 2101 1526 2131 esse
1558 2088 1714 2133 visam.

210 2161 393 2206 Secutus
425 2176 602 2220 quoque
642 2161 690 2206 in
728 2163 890 2206 multis
923 2176 1043 2213 eam,
1078 2164 1158 2220 qui
1190 2163 1375 2221 plastico
1405 2177 1538 2221 opere
1567 2163 1716 2221 clypei

212 2237 455 2296 imaginem
496 2236 751 2296 exprimere
780 2238 954 2281 studuit
983 2235 1374 2281 Schwanthalerus
1411 2238 1521 2298 (vid.
1553 2239 1716 2280 Καπετ-

210 2313 338 2365 blau,
369 2314 503 2365 1840,
537 2314 603 2359 11⁰.
637 2312 741 2371 48),
775 2313 884 2358 item
921 2314 1002 2372 qui
1033 2321 1181 2372 postea
1213 2314 1349 2357 aliam
1383 2315 1430 2357 in
1462 2314 1714 2358 Monacensi

208 2395 432 2432 conventu
476 2388 688 2432 exhibuit
733 2389 1069 2436 Widemannus
1116 2388 1227 2446 (vid.
1277 2389 1540 2442 Kunstblatc,
1577 2391 1713 2442 1843,

210 2464 275 2507 11⁰.
311 2466 406 2520 19),
438 2464 512 2508 sed
543 2464 619 2508 hic
647 2465 831 2523 quidem
862 2463 1048 2508 liberius
1078 2465 1126 2507 in
1158 2479 1206 2507 ea
1236 2479 1285 2508 re
1316 2472 1541 2517 versatur,
1572 2465 1637 2508 ita
1664 2473 1715 2508 ut

210 2538 324 2582 hanc
356 2540 600 2598 imaginem
634 2553 759 2583 suam
799 2539 939 2598 magis
974 2539 1028 2582 ad
1055 2539 1164 2582 artis
1194 2539 1402 2598 plasticae
1436 2541 1551 2598 leges
1579 2552 1720 2598 quaml

209 2614 262 2657 ad
294 2616 447 2672 poetae
470 2616 818 2675 descriptionem
845 2614 1167 2667 conformaret,
1200 2616 1344 2659 multa
1375 2615 1439 2659 ibi
1468 2623 1723 2660 memorata*

207 2690 461 2745 omitteret,
494 2692 583 2736 alia
613 2707 671 2736 ex
701 2708 779 2736 suo
809 2692 990 2751 ingenio
1014 2691 1272 2735 memoratis
1303 2692 1505 2744 adderet,
1547 2693 1597 2735 in
1623 2704 1713 2750 quo

211 2772 260 2810 ut
300 2765 490 2810 nimiam
528 2779 630 2811 eum
669 2766 923 2810 libertatem
962 2765 1047 2809 sibi
1089 2766 1321 2810 indulsisse
1358 2780 1607 2822 censemus,
1644 2766 1706 2809 ita
