1748 3224
597 251 639 280 m
675 249 842 281 uestem
876 248 1053 279 scv'rvu.
1488 227 1578 282 107

10 398 20 415 .
68 359 294 424 thmuita-
355 366 420 410 De
457 381 506 408 re
547 365 618 408 hic
658 364 903 422 significata
939 362 1114 406 Plinius
1148 362 1203 407 H.
1242 361 1295 406 Ν.
1339 361 1462 409 VIII.
1497 364 1574 408 162

69 445 278 495 Leonum,
317 442 492 501 inquit,
533 445 667 485 animi
707 439 840 482 index
870 438 1021 482 cauda.
1078 438 1284 491 Immota,
1310 438 1580 497 ergoplaci-

69 518 176 571 dus,
208 517 389 560 clemens
419 516 735 574 blandientique
763 514 933 567 similis,
967 513 1083 572 quod
1108 529 1251 555 rarum
1276 522 1339 556 est
1349 528 1366 567 ,·
1397 513 1584 556 crebrior

68 599 180 642 enim
215 593 450 638 iracundia.
517 593 626 637 Eius
667 597 712 634 in
742 595 959 649 principio
995 583 1111 632 terra
1143 589 1412 642 verberatur,
1442 594 1580 634 incre-

67 678 207 712 mento
249 678 367 727 terga
410 684 486 710 ceu
533 666 715 727 quodam
763 670 1033 708 incitamento
1070 665 1367 724 flagellantur.
1444 663 1578 712 Cous.

68 744 202 791 Hom.
229 745 264 789 l.
289 760 351 797 c.;
384 745 590 788 Lucanus
628 743 664 787 Ι.
703 743 816 794 208,
863 742 1017 799 ibique
1061 741 1257 785 Scholia.
1308 734 1434 798 Οὐρόι
1474 741 1582 787 haec

67 819 255 880 proprie
287 813 456 880 αἰλκοᾳὶα
493 818 748 871 dicebatur,
802 809 879 862 διὰ
913 811 963 859 τὸ
997 811 1055 868 εἷς
1079 809 1215 871 ἀλκὴν
1240 810 1371 862 ωὑτόν
1394 812 1580 874 τρέπειν.

68 896 173 941 Vid.
200 897 354 954 Etym.
380 896 442 940 M.
471 911 517 954 p.
547 896 630 947 66,
665 897 707 938 5.
773 893 911 937 Addit
939 893 1095 951 Etym.
1127 892 1243 936 Gud.
1263 894 1335 944 36,
1372 894 1448 935 13:
1482 885 1583 951 ἔχει

67 965 160 1030 γὰρ
189 963 232 1014 ἓν
265 966 321 1029 τῇ
357 964 462 1030 οὐρᾷ
496 966 694 1028 κέντρον,
730 962 820 1026 ἀφ’
858 957 908 1012 οὗ
941 964 1255 1026 παροξύνεται,
1288 960 1583 1024 καθ’ὅφησιν

68 1039 390 1106 Ἐπαφρόδιτος
434 1039 477 1090 ἓν
517 1038 781 1101 Ὑπομνῆα-ει
826 1045 962 1103 (corr.
996 1036 1327 1101 Ὑπομνήματι)
1371 1036 1585 1091 'Aen-idve

68 1115 288 1169 Ἡσιόδου.

136 1193 278 1243 που-α’)
310 1191 504 1259 γλάφει]
546 1196 726 1256 pedibus
742 1195 867 1255 fodit
897 1204 1080 1246 terram,
1117 1202 1167 1238 ut
1195 1196 1340 1239 solent
1370 1196 1583 1242 animalia

68 1277 119 1319 in
147 1276 232 1321 ira.
277 1276 410 1334 Apud
437 1275 685 1318 Homerum
720 1288 812 1314 non
835 1271 920 1314 hoc
946 1271 1158 1323 verbum,
1187 1271 1259 1313 sed
1285 1272 1584 1330 compositum

70 1342 344 1412 διαγλάφειν
386 1356 532 1393 exstat
570 1346 655 1390 Od.
701 1346 755 1388 Δ.
791 1348 892 1391 438.
956 1345 1089 1390 Conf.
1120 1347 1368 1404 Hesychius
1398 1363 1444 1392 v.
1486 1338 1586 1393 δια·

68 1418 282 1487 γλάψας.
346 1425 542 1483 Cognata
579 1414 782 1481 ’γλάφειν
826 1430 871 1465 et
908 1418 1099 1481 γλύφειν
1129 1438 1416 1470 communem
1448 1423 1584 1468 etiam

70 1504 239 1549 hebent
280 1501 468 1546 cavandi
503 1499 893 1557 significationem.
966 1499 1083 1542 Hinc
1127 1492 1362 1556 ’γλαφυρὸς
1403 1490 1586 1557 proprie

70 1588 135 1624 est
170 1593 318 1630 cavus,
361 1586 546 1619 cavatas.
606 1575 699 1617 Th.·
729 1575 838 1617 297:
870 1570 986 1627 σπῆϊ
1013 1565 1072 1621 ἓγὶ
1092 1566 1339 1632 γλαφυρῷ,
1384 1574 1587 1632 ¹spelunea

72 1661 115 1697 in
147 1670 263 1698 σανα.

131 1731 303 1776 Mirum
333 1728 510 1776 Wolfio
541 1734 584 1769 et
615 1725 792 1773 Rankio
823 1725 995 1777 visum,
1032 1725 1150 1783 quod
1179 1725 1252 1769 hic
1283 1740 1422 1771 accus.
1451 1727 1583 1770 deest.

72 1808 193 1852 Mihi
218 1807 398 1852 videtur
424 1804 506 1847 ille
532 1803 606 1847 hic
626 1802 808 1859 quidem
831 1800 1052 1847 facillime
1073 1816 1197 1859 posse
1215 1801 1430 1859 intelligi.
1465 1801 1587 1858 Quid

74 1884 219 1939 enim,
261 1895 443 1940 quaeso,
475 1880 544 1924 leo
574 1877 760 1935 pedibus
790 1875 957 1929 fodiat,
983 1865 1083 1921 ⁴nisi
1119 1877 1320 1923 terram?
1380 1877 1501 1922 Num
1532 1878 1585 1921 ad

74 1944 526 2014 accusativum‚''Ep‘>¹·
551 1972 593 1999 v.
612 1956 697 1999 485
719 1961 819 2012 post
838 1946 1006 2010 ἀρόσεις
1021 1952 1361 2010 omissum,quis
1373 1952 1586 1999 offendat?

135 2125 178 2154 v.
203 2110 303 2155 435.
343 2099 595 2167 ἀχνύμενος
619 2103 710 2163 κῆρ]
749 2112 943 2150 moestus
971 2104 1028 2147 ob
1050 2104 1288 2148 interitum
1315 2104 1419 2149 filii.
1454 2103 1586 2150 Cous.

76 2185 195 2228 infra
227 2201 270 2229 v.
306 2185 405 2227 454.

135 2352 210 2381 vv.
239 2335 469 2382 436-441
515 2341 803 2392 compmatur
836 2332 974 2383 Mais,
1019 2331 1069 2374 in
1096 2331 1334 2375 Herculem
1364 2347 1467 2376 cum
1497 2333 1586 2375 cla-

77 2427 203 2456 more
229 2412 296 2454 im
300 2427 406 2455 nens
433 2411 488 2454 ab
514 2425 650 2467 eoque
673 2410 901 2467 iepulsus,
926 2422 1030 2450 cum
1051 2422 1177 2458 saxo,
1206 2407 1324 2464 quod
1345 2407 1400 2451 de
1419 2408 1588 2453 montis

78 2488 243 2532 vertice
287 2489 495 2531 volutum
540 2502 642 2529 cum
685 2486 860 2543 fnagote
897 2482 1100 2527 defertur
1140 2483 1188 2526 in
1234 2484 1395 2528 collem
1436 2483 1588 2541 ibique

77 2564 264 2607 sistitui.

138 2731 181 2758 v.
207 2716 306 2758 437.
351 2707 443 2757 lan-b
477 2705 926 2772 μεγάλου-πρηῶνος]
995 2703 1172 2768 Πρῶων,
1201 2703 1336 2767 πρῶν,
1368 2703 1504 2767 πρεὼν
1544 2717 1586 2752 ct

79 2784 216 2848 πρηῶν
247 2791 414 2833 dicitur
443 2790 702 2847 prominens
724 2788 892 2831 montis
919 2795 1087 2830 vertex.
1150 2786 1255 2830 Vid.
1281 2786 1410 2829 Hom.
1435 2788 1486 2828 ΙΙ.
1525 2786 1583 2827 Θ.
