1748 3224
233 178 297 223 16
817 191 1138 223 coussu‘rmivs

230 308 373 360 niret,
404 309 530 350 nulla
560 307 674 364 apud
703 308 880 363 poetam
905 307 1076 348 mentio
1101 305 1177 358 fit,
1202 306 1265 348 ita
1289 313 1339 348 ut
1365 307 1565 350 statuisse
1586 307 1732 351 videa*

231 391 332 436 tur,
366 383 535 426 bellum
562 381 629 423 ab
639 381 976 439 Amphitryone
1001 389 1172 439 gestum
1195 382 1349 424 eontra
1368 382 1569 439 degentes
1588 383 1734 426 adhuc

232 461 280 503 in
319 459 574 501 continente
617 456 848 507 Teleboas,
893 455 1056 514 quibus
1093 445 1267 500 auxilia
1303 457 1470 515 Taphii
1500 459 1732 510 miserint;

229 550 317 592 quo
336 547 443 576 'sane
459 565 470 583 ,
504 538 556 574 ut
582 540 699 575 recte
727 532 1046 575 animadvertit
1069 532 1395 591 Goettlingius‚
1421 533 1580 579 ducere
1607 534 1735 577 vide-

231 618 330 660 tur,
377 607 492 665 quod
535 607 587 650 in
627 623 668 651 v,
714 609 767 651 18
804 614 983 650 tantum
1021 615 1332 651 memorantur
1364 623 1518 651 eorum
1559 602 1736 664 κῶμαι,

148 731 152 733 ‚
231 693 284 727 ut
309 691 444 742 caput
469 683 662 740 regionis
689 683 876 741 Taphon
907 683 1184 742 Amphitryo
1211 698 1303 726 non
1335 683 1549 742 attigerit.
1601 685 1735 743 Apud

233 760 395 804 Herod.
424 758 482 804 V.
517 761 573 802 59
601 760 773 802 mentio
809 759 863 801 fit
889 759 1080 802 dedicati
1104 759 1159 802 ab
1183 759 1520 818 Amphitryone
1543 760 1736 819 tripodis

231 851 337 879 cum
363 835 678 893 inscriptione,
704 835 754 877 in
775 850 910 892 quam
934 835 1198 878 recentiores
1223 835 1439 879 nonnulli
1461 836 1736 879 emendando

234 904 513 968 Ἀμφιτρύων
559 907 608 967 μ’
663 903 837 962 ἀνέθηκε
893 924 913 952 ν
928 922 949 952 ε
963 907 995 953 ὤ
1010 924 1031 954 ν
1089 903 1180 955 ἀπὸ
1243 903 1511 968 Τηλεβοάων
1568 917 1734 954 navium

233 988 509 1031 mentionem
551 987 823 1030 intulerunt.
903 985 986 1029 Sed
1034 987 1134 1029 vide
1181 987 1367 1031 Boeckh.
1413 987 1547 1046 Corp.
1597 987 1735 1031 Inscr.

234 1064 316 1109 Gr.
346 1064 381 1108 Ι.
413 1065 484 1106 35.
1463 1083 1468 1086 ·

296 1230 338 1260 v.
369 1215 440 1259 20.
475 1206 558 1258 θεοὶ
592 1205 628 1258 δ’
659 1205 944 1272 ἓπιμοὶρτυροι
966 1200 1098 1273 ἦσαν]
1159 1213 1231 1257 Sic
1263 1213 1347 1258 Od.
1378 1215 1429 1259 A.
1461 1217 1548 1260 273
1579 1207 1664 1259 θεοὶ
1694 1207 1734 1258 δ’

235 1282 523 1350 ἓπιμάρτυροι
546 1283 693 1342 ’ἑο-των,
727 1290 782 1334 11.
803 1291 851 1332 Z.
875 1291 932 1332 76
963 1282 1067 1336 Ζεὺς
1090 1281 1130 1332 δ’
1148 1282 1268 1346 ἄμμ’
1288 1281 1582 1349 ἐπιμάρτυρος
1605 1284 1735 1346 ’ἕο-τω,

233 1382 367 1424 quem
420 1381 597 1410 versum
639 1365 876 1424 respiciens
920 1365 1163 1423 Hesychius
1205 1356 1498 1424 ἐπιμάρτυρος
1539 1367 1739 1425 explicat

236 1433 408 1499 μάρτυς
448 1432 523 1483 ἐπ)
563 1436 652 1488 τοῖς
692 1435 951 1499 γενομένοις.
1012 1441 1073 1484 At
1118 1455 1223 1484 vero
1269 1442 1473 1485 Eustath.
1509 1450 1555 1486 et
1585 1440 1735 1486 Schol.

236 1517 350 1562 Ven.
389 1517 442 1559 ad
477 1517 614 1561 illum
656 1531 833 1559 versum
871 1508 945 1558 ἐπὶ
986 1515 1212 1559 abundare
1253 1518 1437 1568 volunt,
1477 1517 1609 1560 utin
1641 1508 1737 1560 ἔπι-

235 1586 470 1650 βούκολος,
502 1582 761 1647 ἒπιποίμην,
790 1575 997 1649 ὲπὶοὐρος.

299 1761 341 1789 v.
372 1747 441 1789 24.
475 1739 648 1788 Βοιωτοὶ
676 1736 948 1802 πλήξιπποι]
1012 1744 1242 1789 Universis
1276 1744 1447 1788 Boeotis
1476 1744 1549 1788 hic
1577 1744 1739 1789 tribui-

240 1832 336 1874 tur,
379 1822 496 1879 quod
533 1821 651 1879 apud
694 1820 940 1863 Homerum
979 1835 1070 1863 non
1111 1820 1198 1863 nisi
1236 1820 1520 1878 singulorum
1549 1821 1737 1865 heroum

239 1907 304 1942 est
327 1898 573 1957 epitheton,
605 1895 938 1952 notandumque
961 1896 1078 1952 quod
1109 1887 1371 1949 πλάξιππον
1387 1888 1562 1953 Θήβαν,
1591 1896 1741 1954 itaque

242 1974 495 2017 universam
523 1971 776 2022 civitatem,
807 1971 1020 2015 similiter
1043 1971 1163 2015 dixit
1190 1972 1405 2015 Pindarus
1419 1971 1503 2017 01.
1526 1972 1605 2017 VI.
1628 1975 1700 2018 85.

304 2140 345 2167 v.
379 2127 450 2167 25.
487 2118 645 2181 Λοκροί
672 2118 714 2165 τ’
741 2116 1053 2193 ἀγχέιιοιχοι]
1105 2125 1337 2184 Mysorum
1365 2125 1482 2169 idem
1509 2125 1741 2185 epitheton

244 2206 309 2243 est
335 2200 453 2258 apud
478 2199 609 2244 Hom.
634 2200 689 2244 11.
717 2199 770 2243 N.
797 2203 837 2245 5.
897 2200 966 2245 Ab
986 2201 1206 2260 Hoeychio
1226 2203 1274 2245 in
1299 2217 1340 2246 v.
1358 2209 1475 2245 recte
1499 2203 1744 2260 exponitur

246 2271 285 2319 οἱ
316 2266 501 2334 ἐγγύθεν
539 2270 805 2336 μαχόμενοι.
875 2277 935 2320 At
977 2277 1258 2320 contrarium
1303 2277 1357 2320 de
1407 2277 1558 2320 Locris
1606 2277 1746 2321 tradit

246 2352 377 2396 Hom.
407 2351 462 2396 11.
490 2352 542 2395 N.
573 2354 681 2404 713,
716 2352 794 2395 ubi
822 2352 1024 2411 Heynius
1054 2360 1178 2396 notat
1200 2353 1344 2397 videri
1366 2354 1551 2398 diversis
1572 2361 1743 2412 tempo-

247 2428 371 2472 ribus
395 2427 621 2472 diversum
655 2427 944 2472 Locrensibus
972 2428 1199 2487 pugnandi
1231 2443 1403 2473 morem
1440 2428 1599 2481 fuisse,
1632 2436 1744 2473 cete-

250 2519 351 2547 rum
405 2518 571 2548 necesse
615 2519 718 2563 ergo
762 2519 848 2548 esse
890 2503 1013 2549 Scuti
1060 2505 1298 2549 Auctorem
1339 2505 1569 2564 aliquanto
1608 2505 1746 2549 serius

252 2579 412 2623 vixisse
428 2579 582 2624 Iliadis
606 2580 811 2625 Auctore.
843 2581 1002 2625 Locros
1027 2594 1059 2624 ‘a
1091 2580 1246 2624 bellica
1274 2581 1444 2625 virtute
1469 2581 1622 2624 laudat
1641 2580 1745 2624 Pin-

248 2654 382 2698 darus
410 2655 483 2701 Ol.
520 2656 573 2700 Χ.
609 2656 811 2715 (Boeckb.
844 2657 924 2713 xl)
954 2657 1066 2700 circa
1099 2657 1250 2701 finem.
