1748 3224
263 220 328 269 80
847 241 1168 270 conumumvs

323 369 396 399 vv.
426 355 661 398 286-313
694 363 1003 397 memorantur
1041 355 1246 412 deinceps
1281 356 1486 400 exhibita
1515 358 1564 401 in
1597 359 1748 416 clypec

263 431 382 490 pacis
419 445 551 487 opera
590 444 671 488 per
714 430 857 473 varias
897 431 1006 473 anni
1050 438 1349 488 tempestates:
1389 433 1552 486 aratio,
1583 433 1748 485 messis.

261 505 489 549 vindemia
523 513 567 547 et
602 505 738 547 huius
775 513 977 564 tempore
1005 506 1128 549 varia
1164 507 1495 550 lascivientium
1525 516 1569 550 et
1593 509 1748 552 luden-

261 582 379 623 tium
406 579 641 632 exercitia,
667 580 856 637 denique
886 581 1061 624 venatio
1092 589 1138 624 et
1159 581 1258 624 ludi
1283 582 1473 625 curules.
1535 583 1748 628 Videntui

261 664 409 699 autem
437 655 544 699 haec
571 655 750 699 visenda
774 671 818 699 se
844 655 893 698 in
918 657 1080 714 clypeo
1103 656 1373 715 praebuisse,
1399 672 1487 715 quo
1511 659 1748 703 ordinethic

259 739 589 782 memorantur,
622 731 927 789 equitantibus
959 733 1162 790 proximi
1193 740 1405 784 aratores,
1451 733 1560 776 hinc
1591 749 1748 780 messo-

258 822 347 859 res,
380 814 424 850 et
453 807 514 850 sic
543 822 691 864 porro.
753 806 882 853 conf.
915 824 958 851 v.
993 809 1118 852 305.μ

316 974 362 1002 v.
387 959 487 1002 287.
529 951 687 1016 ἤρεικον
710 950 852 1018 χθόνα
878 949 972 1002 δῖαν
1000 959 1164 1010 citant,
1196 967 1250 1001 ut
1277 959 1484 1012 Hesiodi,
1511 925 1667 1019 Etym.
1689 925 1748 1006 Μ

258 1050 304 1093 p.
333 1035 441 1086 436,
475 1034 551 1086 52,
589 1035 778 1077 Zonaras
804 1040 850 1091 Ρ.
881 1035 989 1085 864,
1022 1040 1160 1091 atque
1195 1034 1272 1077 hic
1303 1034 1486 1092 quidem
1511 1035 1648 1078 etiam
1679 1035 1748 1079 ad-

256 1111 402 1153 dito⁶
381 1101 425 1152 ’ν
455 1101 651 1153 Ἀσπίδι.
713 1109 854 1153 Habet
886 1109 1037 1152 eadem
1066 1107 1263 1153 Suidas
1249 1125 1300 1152 m
1330 1102 1507 1168 ἤρεικον,
1549 1110 1622 1152 sed
1661 1109 1748 1154 sine

258 1188 411 1244 poetae
440 1185 640 1231 nomine.

318 1255 502 1319 ἤρεικον,
533 1261 679 1318 frang
655 1259 826 1313 vehant,
862 1259 1122 1303 scindebant.
1176 1260 1308 1318 Apud
1339 1260 1470 1305 Hom.
1493 1260 1549 1304 11.
1584 1260 1638 1304 N·
1669 1259 1748 1306 441

254 1338 422 1381 dicitur
453 1337 615 1395 aliquis
649 1327 907 1394 ἐρεικόμενος
932 1330 1030 1393 περὶ
1060 1326 1202 1394 δουρί,
1233 1336 1358 1379 hasta
1390 1336 1748 1382 t1ansfixus.De

254 1414 454 1457 aratione
483 1421 632 1456 autem
665 1411 852 1455 verbum
885 1410 1118 1469 usurpavit
1147 1411 1282 1453 etiam
1315 1411 1527 1469 Apollon.
1551 1411 1641 1454 Rh.
1670 1410 1748 1454 ΙΙΙ.

258 1491 366 1533 1331
398 1503 507 1546 seq.:
552 1479 737 1546 ἐρείκετο
769 1481 873 1534 νειὸς
905 1479 1101 1540 ὀπίσσω,
1123 1480 1372 1546 σχιζομένη
1395 1483 1577 1544 ταύρων
1590 1497 1640 1529 τε
1672 1480 1748 1543 βίη

253 1557 442 1622 κρατερῷ
477 1559 515 1605 τ’
550 1556 735 1621 ἀροτῆρι.
798 1563 912 1605 Hinc
938 1562 1236 1620 compositum
1267 1556 1496 1620 κατερεὶκω
1527 1563 1646 1620 apud
1667 1562 1748 1607 He-

254 1641 348 1684 rod.
374 1640 454 1685 111.
485 1641 562 1691 66,
597 1639 675 1682 ubi
703 1638 794 1682 vid.
823 1637 1036 1682 Valcken.

331 1706 634 1767 ἐπιστολάδην
694 1706 745 1758 δὲ
795 1710 995 1774 χιτῶνας
1050 1703 1294 1771 ἐστάλατ’]
1383 1714 1460 1757 Est
1505 1707 1748 1771 στέλλομαι

252 1806 361 1849 paro
398 1806 470 1833 me
504 1791 557 1834 ad
594 1790 763 1847 aliquid
805 1789 963 1832 habitu
1002 1789 1209 1832 vestium.
1273 1787 1404 1833 Conf.
1445 1789 1576 1833 Hom.
1608 1790 1663 1835 Il.
1692 1789 1748 1832 Ψ.

253 1869 354 1912 285.
414 1867 650 1911 Memorati
691 1866 765 1908 hic
803 1865 1020 1924 agricolae
1060 1865 1112 1907 ad
1155 1864 1371 1907 arandum
1409 1879 1453 1909 se
1486 1873 1748 1923 paraverant

252 1950 369 1986 veste
412 1941 660 1995 succincta,
716 1940 865 1983 induti
922 1947 1051 1983 erant
1098 1930 1418 1994 ἐπιστολάδην,
1450 1940 1512 1983 ita
1550 1940 1748 1985 ut‘nibil

254 2018 442 2062 vestium
489 2017 703 2060 habeient
745 2024 920 2075 piaeter
962 2016 1185 2067 tunicam,
1233 2030 1415 2072 eamque
1455 2015 1748 2068 succinctam,

251 2102 392 2136 cetera
428 2094 562 2146 nudi,
608 2109 695 2151 quo
741 2108 819 2152 pei
822 2093 971 2135 tinent
1006 2099 1111 2135 nota
1144 2098 1373 2149 praecepte
1409 2090 1587 2134 Hesiodi
1620 2078 1748 2150 'Ep‘y

252 2172 332 2214 391
367 2184 453 2227 seq.
484 2176 528 2212 et
553 2168 738 2227 Virgilii
769 2167 823 2212 G.
853 2167 887 2211 Ι.
922 2169 1022 2211 299.

311 2335 352 2364 v.
378 2321 463 2364 288
493 2335 607 2378 seqq.
650 2312 789 2377 αὐτὰρ
825 2314 890 2371 ἔην
923 2309 1043 2375 βαθὺ
1066 2309 1182 2370 λήϊον
1201 2331 1241 2361 κ.
1261 2330 1302 2361 τ.
1321 2311 1384 2374 λ.]
1437 2318 1489 2361 In
1519 2318 1607 2362 alia
1623 2325 1748 2378 parte

253 2396 460 2455 imaginis
496 2404 590 2439 erat
621 2396 711 2439 elta
749 2410 863 2454 seges
907 2392 1045 2453 (conf.
1084 2394 1138 2438 ΙΙ.
1168 2394 1216 2437 Β.
1257 2395 1362 2445 147,
1388 2391 1444 2438 Λ.
1476 2395 1580 2446 599,
1606 2392 1744 2439 Od.1.

253 2472 380 2528 134),
415 2480 459 2515 et
487 2472 603 2516 circa
636 2472 766 2516 illam
799 2471 879 2515 alii
905 2470 1085 2528 quidem
1117 2460 1236 2528 (οἵγε
1262 2462 1365 2527 μὲν)
1396 2470 1444 2513 in
1469 2485 1517 2513 ea
1543 2470 1748 2515 metenda

249 2548 451 2607 occupati
482 2556 631 2600 erant,
665 2548 746 2591 alii
776 2562 881 2592 vero
913 2540 976 2606 (οἱ
1007 2537 1072 2604 δ’)
1104 2546 1153 2589 in
1179 2544 1440 2605 colligendis
1465 2559 1635 2589 messae«
1657 2545 1748 2589 iam

249 2625 402 2682 segetis
429 2625 689 2684 manipulis.
1743 2627 1748 2634 “

310 2790 349 2818 ν.
383 2775 485 2820 289.
526 2770 704 2835 αἰχμῇς
737 2768 914 2832 ὀξείῃσι]
982 2769 1051 2817 Ἐν
1077 2764 1309 2831 δρεπάναις
1333 2763 1488 2825 ὀξείαις
1529 2771 1745 2815 Diaconus
